4384 5664
634 453 713 544 tet
907 437 1355 531 innascente
1410 436 1786 525 Nnrunnttr‘

442 583 607 722 iiiiii
764 650 1156 738 nuonosrrro
1205 643 1331 733 xm
1393 647 1761 736 Tneonenn
1802 647 1918 734 xlv.

441 755 542 799 nun.

618 863 748 949 fluidi
766 863 974 979 homogenei
986 867 1032 950 θ
1049 872 1207 968 immoti,
1240 864 1335 986 quod
1345 869 1389 946 in
1405 861 1493 978 uase
1517 888 1730 980 quocunque
1746 868 1895 943 immoto
1913 856 2055 944 claudi·

678 1009 740 1066 tur
759 987 806 1070 (θ’
819 986 978 1100 undique
995 991 1255 1102 comprimitur,
1285 1009 1411 1104 partes.
1424 1011 1543 1065 omnes
1565 977 1736 1098 (sepofitd
1753 975 2050 1094 condensatum,

673 1109 900 1218 grauitatis,
932 1107 978 1188 tl*
1010 1112 1153 1188 uirium
1179 1114 1340 1190 omnium
1362 1109 1642 1218 centripetarum
1677 1099 1974 1210 consideratione)
2010 1129 2055 1183 ι.

680 1221 838 1338 qualiter
862 1249 1077 1342 premuntur
1110 1225 1283 1340 undique,
1316 1226 1362 1308 ὰ
1378 1223 1456 1334 stne
1485 1227 1586 1305 omni
1610 1245 1712 1304 motu
1739 1219 1766 1302 d
1790 1219 1957 1338 preffrane
1986 1217 2055 1300 illd

680 1368 754 1427 orto
774 1368 989 1460 permanent
1019 1343 1172 1428 iniecit
1191 1343 1288 1460 suis.

680 1535 761 1650 Cafi
815 1567 847 1624 1.
919 1542 963 1622 In
990 1538 1073 1624 vale
1114 1539 1295 1656 sphaerico
1337 1537 1383 1619 A
1395 1535 1483 1620 BC
1806 1521 1864 1657 A*

620 1657 820 1744 claudatur
872 1667 914 1741 de
954 1657 1197 1744 uniformiter
1240 1667 1487 1769 comprima·

618 1801 682 1863 tur
711 1771 871 1861 fluidum
903 1773 1095 1889 undique:
1119 1775 1215 1860 dico
1247 1773 1356 1889 quud
1385 1771 1477 1882 ejus.

618 1893 713 1978 dem
748 1923 830 2005 pars
861 1897 963 1978 nulla
993 1925 1042 1977 ex
1077 1895 1357 2006 illipreilrone
1390 1921 1473 1977 mo·

620 2013 782 2096 vebitur.
848 2017 954 2098 Nam
986 2015 1011 2094 st
1043 2043 1127 2128 pars
1156 2015 1281 2125 aliqua
1310 2015 1355 2094 D
1388 2039 1474 2098 mu·

620 2161 773 2224 ventur,
804 2125 952 2213 necelle
974 2134 1027 2213 est
1051 2153 1093 2215 ut
1128 2159 1262 2214 omnes
1282 2131 1473 2236 hujusmet

619 2245 659 2331 di
695 2275 818 2362 partes
845 2242 894 2330 ad
919 2244 1083 2332 eandem
1114 2252 1137 2331 Ξι
1170 2271 1305 2332 centro
1335 2244 1473 2332 distan·
1516 2255 1555 2332 B
1670 2239 1721 2342 {a
1789 2287 1821 2347 ‚a

617 2377 713 2452 tiam
744 2363 912 2477 undique
948 2369 1215 2464 confidentes,
1248 2368 1356 2450 fimili
1387 2396 1479 2454 mo·
1736 2347 1947 2455 H⁸“···c··‘'¹
1985 2395 2023 2470 ρ

620 2512 662 2570 tu
688 2490 793 2570 lirnul
832 2510 1083 2576 moveantur;
1127 2506 1243 2596 atque
1276 2486 1355 2569 hoe
1382 2481 1476 2570 ideo

618 2615 708 2715 quia
724 2607 848 2686 fimilis
871 2615 912 2686 δι
928 2607 1081 2714 aequalis
1103 2607 1156 2686 est
1177 2613 1353 2687 omnium
1375 2603 1471 2718 pres·

618 2723 699 2818 fio,
732 2733 772 2805 δι
804 2741 933 2802 mutus
961 2729 1088 2803 omnis
1113 2719 1282 2804 exclusus
1317 2721 1569 2836 supponitur,
1609 2725 1676 2810 nist
1712 2733 1779 2839 qui
1805 2727 1828 2810 *a
1861 2722 2044 2834 preffione

618 2839 690 2920 nin
709 2845 863 2922 otiatur.
925 2841 1045 2948 Atqui
1072 2866 1151 2922 non
1182 2831 1331 2950 poliunt
1356 2867 1492 2925 omnes
1524 2838 1574 2926 ad
1597 2867 1773 2936 centrum
1805 2851 1961 2955 propius
1985 2871 2045 2925 ac·

621 2953 780 3050 cedere,
810 2957 876 3040 nili
906 2951 1066 3040 fluidum
1096 2953 1145 3039 ad
1181 2983 1357 3043 centrum
1386 2957 1661 3052 condensetur3
1694 2986 1829 3047 contra
1857 2959 2043 3070 hypothe-

619 3077 683 3160 srn.
759 3081 852 3158 Non
892 3069 1040 3184 poliunt
1072 3079 1222 3188 longius
1263 3077 1391 3163 abeo
1428 3073 1634 3179 recedere,
1673 3081 1742 3163 niti
1786 3072 1946 3162 fluidum
1996 3071 2046 3159 ad

618 3191 967 3276 circumferentiam
996 3191 1276 3282 condenseturr
1309 3203 1427 3279 etiarn
1465 3217 1600 3280 contra
1636 3197 1872 3309 hypothefin.
1943 3199 2043 3280 'Non

618 3305 768 3423 poliunt
800 3311 942 3394 servati
968 3311 1078 3396 suii
1110 3339 1244 3396 centro
1273 3308 1446 3398 distantii
1475 3324 1622 3398 moveri
1654 3324 1694 3398 ln
1721 3319 1871 3428 plagam
1902 3340 2042 3424 quarn-

619 3459 801 3542 cunquc‚
832 3436 921 3540 quia
953 3442 1031 3541 pari
1063 3444 1211 3516 ratione
1245 3433 1504 3516 movebuntur
1533 3441 1572 3514 in
1603 3436 1756 3546 plagam
1782 3439 2041 3520 contrariamt

620 3557 660 3632 in
700 3555 826 3661 pingas
858 3571 986 3630 aurem
1024 3560 1232 3634 contrarias
1270 3579 1350 3634 non
1390 3554 1514 3660 potest
1556 3577 1639 3660 para
1684 3546 1853 3648 eadem,
1902 3545 2042 3632 eodem

619 3693 813 3777 tempore,
844 3675 1006 3751 moveri.
1073 3672 1174 3778 Ergo
1204 3665 1312 3752 fluidi
1336 3695 1423 3780 pars
1454 3667 1557 3750 nulla
1582 3662 1632 3751 de
1657 3675 1747 3754 loco
1776 3669 1847 3753 suo
1869 3668 2042 3754 movebi-

618 3813 691 3873 tur.
753 3777 807 3900 ρ.
840 3779 902 3866 Ε(
920 3783 975 3865 D.

682 3899 760 4014 Cafi
796 3934 831 3986 2.
895 3905 1000 3986 Dico
1032 3901 1136 4003 jam,
1167 3897 1275 4012 quod
1303 3898 1409 3986 fluidi
1443 3901 1553 4008 hujus
1581 3925 1703 4013 partes
1733 3930 1869 3986 omnes
1898 3902 2043 4013 sphaeri-

617 4051 674 4106 eae
704 4023 895 4133 aqualiter
930 4040 1152 4132 premuntur
1188 4016 1368 4132 undique.
1429 4020 1488 4115 Sit
1517 4031 1622 4104 enim
1652 4021 1732 4102 EF
1754 4049 1839 4132 pars
1864 4020 2041 4132 sphaerica

618 4135 761 4235 fluidi,
807 4151 847 4222 δι
885 4140 910 4222 fi
944 4137 1027 4219 haec
1061 4131 1232 4248 undique
1263 4171 1343 4236 non
1373 4149 1558 4248 premitur
1594 4145 1817 4252 aequaliter,
1861 4160 2041 4250 augeatur

619 4260 753 4370 pteffio
784 4264 929 4353 minor,
964 4254 1080 4355 ustpue
1104 4251 1199 4338 dum
1234 4257 1309 4369 ipsa
1339 4253 1968 4368 undiqueppunaturaequalite13
1998 4265 2040 4338 dc

578 4412 582 4422 ·
619 4399 744 4487 partes
757 4377 847 4479 ejus,
877 4403 943 4485 per
955 4373 1081 4456 casum
1100 4383 1280 4486 primurn,
1296 4374 1574 4484 permanebunt
1591 4385 1629 4459 in
1643 4381 1738 4460 locis
1752 4375 1833 4457 suis.
1862 4367 1936 4458 Sed
1952 4387 2040 4454 anre

619 4496 767 4576 aunam
791 4496 1014 4601 preffionem
1036 4494 1310 4602 permanebant
1327 4501 1368 4577 in
1392 4491 1590 4591 tourins,
1623 4522 1690 4602 pet
1717 4491 1845 4576 casum
1871 4485 2037 4575 eundem

620 4620 800 4716 primum,
833 4607 1085 4695 &additione
1114 4615 1305 4722 prelsronis
1324 4641 1435 4698 novae
1461 4611 1718 4696 movebuntur
1748 4609 1798 4692 de
1827 4615 1922 4693 locis
1957 4605 2037 4702 suis,

1973 4750 2040 4842 pei
