4492 5662
629 479 631 484 ·
676 459 757 540 354
962 433 1394 520 tartosornrn
1442 435 1807 521 Narniam

486 573 535 708 gt
551 575 643 636 noro
670 570 779 670 tem3
823 581 864 654 bt
908 570 930 652 b
974 593 1140 678 corpore
1173 572 1240 650 illo
1274 572 1439 650 tremulo
1480 583 1663 678 tanquam
1693 591 1828 652 centro
1867 577 2102 666 communi,

486 667 599 792 *3,ἳῖ
610 669 647 709 ‘²‘
673 682 882 770 secuudum
942 690 1153 799 superficies
1205 683 1488 797 propemodum
1545 686 1740 798 sphaericae
1794 699 1836 771 bt
1886 695 2101 770 concentri.

535 841 539 848 ·
671 835 757 904 cas,
789 803 957 917 undique
987 805 1306 918 propagabuntut.
1368 809 1490 912 Cujus.
1517 816 1571 888 rei
1596 807 1819 916 exemplum
1851 801 2008 918 aliquod
2032 805 2104 903 ,ha-

669 927 805 1010 bemur
833 935 872 1012 iu
903 922 1046 1024 unali-s,
1075 953 1160 1036 quae
1192 927 1219 1008 fi
1248 919 1373 1036 digito
1402 929 1568 1018 tremulo
1597 933 1836 1019 excitentur,
1866 955 1946 1007 non
1981 917 2099 1008 solum
2218 952 2222 965 ·

591 1109 593 1114 .
667 1067 826 1157 pergent
856 1048 947 1128 hinc
980 1038 1070 1126 inde
1100 1039 1306 1126 secundum
1340 1046 1490 1154 plagam
1514 1066 1640 1126 motus
1665 1039 1797 1150 digiti,
1827 1039 1912 1139 sed,
1944 1053 1984 1126 in
2017 1067 2104 1126 mo.

664 1158 762 1244 dum
800 1167 1032 1246 circulorum
1075 1171 1440 1256 contentricotum,
1487 1156 1652 1271 digitum
1691 1165 1815 1243 statim
1856 1171 2016 1270 cingent
2057 1171 2098 1244 bc

666 1274 837 1390 undique
868 1279 1191 1392 propagabantur..
1248 1283 1359 1365 Nam
1386 1286 1557 1392 gravitas.
1583 1273 1772 1364 undarum
1797 1281 1946 1396 supplet
1966 1285 2100 1364 locum

664 1407 724 1482 vis
758 1401 928 1483 clasticae.

728 1513 806 1627 Caſs
841 1550 878 1602 2.
920 1512 999 1614 (hi
1037 1509 1160 1625 Quod
1192 1517 1221 1598 sr
1252 1512 1426 1599 medium
1460 1543 1540 1599 non
1569 1517 1613 1600 fit
1643 1519 1869 1600 clasticurn:
1910 1521 2100 1624 quoniam·

666 1639 745 1737 ejus
778 1658 906 1744 partes.
936 1635 961 1717 *a
987 1644 1158 1748 corporis
1187 1639 1343 1717 tremuli
1377 1635 1544 1743 partibus
1579 1634 1732 1718 vibratis
1767 1629 1897 1744 prelia
1923 1629 2099 1716 conden-

662 1751 733 1836 sart
769 1777 999 1864 nequeunt,
1038 1752 1309 1865 propagabitur
1346 1776 1478 1835 motus.
1515 1762 1559 1834 in
1591 1759 1745 1835 instanti.
1780 1748 1834 1832 ad¹
1868 1779 1993 1861 partes
2034 1751 2098 1832 ubi

665 1865 845 1952 medium
882 1871 1064 1954 facillime
1095 1865 1223 1969 cedit,
1261 1872 1447 1967 hocca,
1482 1865 1532 1952 ad
1567 1897 1687 1982 patres
1724 1897 1817 1979 quat
1847 1896 1987 1979 eorpus
2028 1893 2101 1952 tre·

663 1991 820 2070 mulum.
847 1991 990 2102 alioqui
1021 1990 1199 2072 vacuari
1230 2013 1339 2100 tergo
1368 1991 1610 2100 relinqueret.
1672 1983 1778 2070 ldem
1808 1990 1861 2068 est·
1883 1987 1987 2068 casus
2013 2013 2101 2068 curu

664 2103 754 2188 aafit
776 2115 954 2216 corporis,
979 2115 1023 2190 in
1044 2105 1175 2190 medio
1210 2133 1450 2217 quocunque·
1471 2109 1632 2215 projetii
1700 2100 1879 2189 Medium
1918 2099 2096 2187 cedendo

665 2224 949 2335 projeutlrbus,
981 2251 1061 2308 non
1097 2219 1242 2307 recedit
1277 2232 1325 2306 in
1353 2225 1566 2312 infinitumi
1610 2217 1747 2306 sedin
1792 2225 1979 2305 circulum
2002 2251 2099 2304 eun·

669 2335 737 2434 do,
767 2350 890 2454 pergit
924 2339 976 2424 ad'
999 2343 1116 2455 spatia
1136 2367 1226 2452 ‘quae
1258 2347 1641 2452 corpusrelinquitit
1669 2364 1790 2450 tergo.
1852 2341 1972 2451 lgi'tur
2005 2369 2101 2450 quo.

591 2495 593 2500 ¹
670 2465 742 2540 ties
774 2485 918 2570 corpus«
945 2464 1152 2544 tremulum
1190 2467 1314 2571 pergit
1340 2469 1381 2544 in
1416 2485 1568 2571 partem
1596 2486 1896 2571 quamcunque,
1926 2453 2097 2540 medium

602 2643 607 2646 .
673 2571 850 2662 cedendo
881 2602 1014 2690 perget
1044 2607 1111 2692 per
1135 2583 1327 2660 circulum.
1360 2573 1416 2662 ad..
1450 2601 1580 2688 partes.
1606 2605 1700 2688 quas
1734 2604 1872 2686 eorpus
1895 2581 2097 2686 relinquitt

673 2705 714 2776 δι
750 2705 900 2806 quoties
938 2723 1078 2807 eorpus
1113 2691 1331 2806 regreditur·
1357 2692 1572 2779 adlocuta
1610 2704 1802 2804 priorem,
1832 2689 2007 2777 medium
2043 2704 2096 2780 in.

673 2805 722 2890 de
760 2817 1031 2923 repelletur&
1065 2807 1115 2894 ad
1145 2815 1282 2894 locum
1312 2812 1425 2897 suum-
1454 2821 1629 2922 priorem
1663 2809 1821 2894 redibit..
1884 2817 1935 2895 E't
1967 2841 2103 2922 quam.

672 2935 731 3012 tris
765 2959 904 3043 corpus
934 2931 1141 3014 tremtdum
1171 2957 1258 3015 non.
1281 2934 1329 3016 stt
1359 2933 1514 3015 firmum
1531 2991 1550 3028 ‚.
1573 2927 1641 3014 fied
1666 2927 1804 3014 modis·
1827 2931 2007 3012 omnibus
2039 2931 2101 3013 fle·

671 3049 775 3146 xiie,
816 3051 841 3128 fi
878 3073 1012 3131 tamen·
1035 3044 1299 3162 magnitudine
1328 3043 1467 3134 datum·
1499 3073 1666 3144 maneat,
1701 3056 1893 3158 quonia-m.
1926 3055 2104 3131 tremori.

674 3163 750 3246 bus·
779 3167 858 3247 suit
883 3174 1017 3274 nequit
1050 3164 1223 3248 medium
1261 3167 1392 3250 ubivis.
1419 3193 1555 3277 urgere
1577 3225 1594 3262 ‚a
1629 3172 1720 3275 quin
1766 3166 1855 3248 alibi
1885 3161 2014 3248 eidem
2058 3167 2102 3246 fi.

674 3287 762 3366 mul'
787 3278 924 3372 cedant
954 3284 1096 3368 efficiet
1125 3308 1169 3368 ut
1195 3281 1400 3382 medium,¹
1423 3279 1643 3366 recedendo
1670 3295 1691 3364 a
1728 3284 1897 3394 partibus
1926 3282 1991 3365 ubi
2017 3311 2104 3394 pre.

674 3408 815 3496 mitur,
846 3427 981 3514 pergat
1008 3402 1157 3518 semper
1191 3410 1229 3486 iu
1270 3403 1411 3528 orbern
1436 3398 1489 3485 ad·
1515 3427 1638 3512 partes
1665 3431 1751 3510 quae
1778 3399 1911 3484 eidem
1939 3398 2096 3486 cedunt

675 3515 848 3722 QCorol.
900 3641 1193 3750 Halllrcinantut
1233 3644 1347 3750 igitur
1377 3645 1451 3748 qui
1479 3630 1643 3719 credunt
1663 3641 1913 3746 agitationem
1937 3644 2100 3744 partiunt

675 3757 841 3840 flammae.
877 3752 932 3838 ad.
966 3759 1228 3870 preffionem.,.
1260 3783 1327 3866 per
1360 3751 1541 3838 medium
1577 3754 1776 3851 ambient,
1820 3750 2027 3836 secundum
2048 3759 2095 3834 li·

673 3901 765 3957 neas
797 3865 914 3958 tedas
943 3869 1238 3987 propagandum
1266 3869 1496 3958 conducere
1558 3872 1731 3957 Debebit
1756 3865 1938 3976 ejulmodi
1968 3873 2094 3981 preffio

675 4023 754 4076 non
789 3993 845 4074 ab·
869 4003 1073 4103 agitatione
1102 3993 1178 4074 soli
1203 3997 1373 4102 partium
1397 3993 1564 4077 flamma
1573 4019 1591 4072 ε·
1614 3987 1685 4073 led.
1709 3993 1733 4074 ‘a
1762 3996 1878 4074 tortus
1906 3983 2101 4078 dilatato

675 4139 725 4195 tte
752 4107 932 4194 derivarit

715 4297 755 4374 (b
766 4298 788 4372 >l
816 4298 838 4344 *·
862 4297 982 4379 Qadfi
1001 4295 1313 4358 meermannianam
1327 4295 1364 4358 sin
1378 4299 1479 4357 &aare
1496 4295 1659 4374 cillibam,
1671 4297 1726 4357 &aa
