4492 5662
644 414 719 514 398
930 403 1351 486 Pnttosornru
1412 399 1752 486 Nurunntst

467 567 622 626 DtMotu
1579 546 1587 558 ⁶

468 637 624 700 conso·
771 635 1158 724 PROPOSITIO
1207 637 1276 720 Ll.
1337 633 1696 728 THEOREMA
1725 637 1935 722 XXXIX.

469 727 567 776 tvl.

608 823 624 907 .’
644 831 686 914 Sr'
720 827 901 944 cylindrus
922 823 1063 938 solidus
1090 811 1228 926 infiniti
1268 823 1391 935 longus
1420 829 1461 906 in
1494 823 1612 930 fluido
1646 820 1822 934 uniformi
1860 829 1905 909 d·
1938 824 2057 929 infini-

704 973 739 1031 to
767 953 862 1026 circa
891 973 997 1026 axem
1028 943 1190 1057 pofirione
1219 941 1347 1024 darum
1382 937 1556 1045 uniformi
1592 973 1674 1024 cnm
1705 969 1803 1023 moon
1834 947 2060 1046 revolvatur,

704 1059 752 1148 ff
772 1064 819 1144 ab
846 1059 951 1172 lsnjns
974 1060 1131 1174 impulsu
1162 1059 1233 1166 solo
1265 1082 1399 1174 agatur
1430 1061 1594 1164 fluidum
1621 1068 1660 1142 in
1686 1060 1827 1162 orbern,
1867 1062 2062 1178 perseveret

657 1255 661 1266 .
703 1204 827 1265 aurem
849 1178 964 1284 fluidi
1003 1206 1086 1294 pars
1128 1205 1353 1294 unaquaeque
1385 1175 1615 1284 uniformiter
1652 1187 1692 1259 in
1726 1206 1826 1260 motu
1860 1180 1945 1286 suot
1987 1179 2061 1262 dico

705 1295 800 1416 qnod
831 1323 989 1412 tempora
1018 1293 1199 1410 periodica
1229 1305 1394 1414 partiunt
1416 1295 1532 1401 fluidi
1551 1293 1642 1410 sunt
1678 1321 1721 1379 ut
1748 1293 1911 1415 ipsarum
1938 1298 2064 1414 dillon-

707 1427 770 1504 tiae
796 1415 843 1499 ob
872 1445 943 1497 axe
972 1413 1137 1533 cylindri.

706 1619 763 1700 Sit
792 1613 836 1696 A
850 1613 883 1692 F
889 1611 922 1690 L
944 1605 1134 1714 cylindrus
1163 1610 1405 1692 uniformiter
1430 1613 1531 1690 circa
1550 1635 1661 1690 axem
1684 1597 1713 1690 S
1733 1617 1772 1691 in
1798 1611 1934 1694 orbem
1952 1616 2064 1708 eiius,

648 1745 690 1820 δι
718 1737 867 1814 circulis
893 1735 1145 1812 concentriois
1175 1725 1332 1822 BGM,
1363 1723 1499 1822 CHN,
1532 1723 1653 1823 1210,
1685 1726 1806 1824 EKP,
1836 1741 1910 1812 διο.
1940 1727 2067 1812 distin.

649 1875 786 1962 guatut
815 1843 974 1930 fluidum
1003 1851 1042 1928 in
1067 1844 1179 1925 orbes
1207 1840 1437 1950 cylindticos
1467 1848 1688 1925 innumeros
1720 1855 1989 1928 concentricos
2015 1846 2068 1927 so.

647 1964 748 2053 lidos
778 1960 943 2068 ejusdem
974 1956 1231 2045 crassitudinis.
1305 1965 1352 2046 Et
1380 1967 1567 2069 quoniam
1599 1963 1886 2075 homogeneum
1912 1967 1964 2044 est
1988 1964 2067 2044 ilui-

646 2081 760 2180 dum,
791 2081 1049 2191 impressiones
1070 2089 1341 2190 contiguorum
1364 2077 1519 2158 orbium
1547 2087 1587 2160 in
1616 2078 1652 2158 se
1676 2104 1812 2163 mutuo
1831 2078 1937 2164 faeta
1959 2102 2068 2161 erunt

652 2213 669 2305 (
686 2231 751 2312 pet
783 2197 1032 2307 hypothesin)
1075 2217 1116 2276 ut
1141 2203 1211 2294 (²)
1249 2223 1384 2277 eorum
1423 2194 1683 2278 transsationes
1720 2198 1768 2278 ab
1799 2204 1993 2290 invicem,
2031 2209 2070 2278 δι

650 2319 863 2427 superficies
895 2325 1082 2420 contiguae
1111 2321 1149 2396 in
1180 2313 1317 2422 quibus
1350 2313 1608 2420 impreffiones
1636 2316 1743 2396 fiunt.
1818 2319 1856 2398 Si
1884 2313 2071 2424 impressio

651 2443 693 2520 in
723 2437 857 2516 orbem
886 2437 1051 2541 aliquem
1078 2435 1200 2534 major
1229 2435 1280 2513 est
1314 2433 1373 2509 vel
1399 2436 1601 2510 minoren
1630 2459 1734 2538 parte
1759 2434 1930 2512 concavi
1957 2457 2071 2539 quam

650 2577 831 2663 exparte
862 2552 1062 2634 convexit
1094 2548 1311 2657 praevalebit
1336 2546 1525 2654 impreffio
1554 2549 1714 2644 fortior,
1763 2561 1804 2632 δι
1831 2573 1986 2631 motum
2015 2576 2073 2626 or.

652 2669 710 2751 bis
739 2672 799 2750 vel
829 2665 1057 2749 accelerabit
1086 2666 1146 2745 vel
1177 2658 1405 2756 retardabit,
1450 2686 1563 2771 prout
1596 2671 1635 2744 in
1675 2660 1839 2746 eandem
1875 2673 2071 2775 regionem

654 2811 743 2866 curn
776 2785 884 2892 ipsrus
918 2805 1031 2864 motu
1067 2783 1128 2861 vel
1161 2791 1200 2862 in
1233 2786 1461 2862 contrariam
1496 2775 1681 2889 dirigitur.
1754 2779 1920 2864 Proinde
1946 2807 1987 2864 ut
2015 2811 2072 2862 or-

653 2904 711 2984 bis
742 2899 991 3012 unusquisque
1023 2903 1061 2979 in
1091 2920 1199 2979 motu
1229 2899 1294 2980 suo
1320 2894 1560 2978 uniformiter
1585 2895 1809 3004 perseveret,
1839 2896 1984 2983 debent
2005 2907 2074 2981 im·

653 3019 854 3131 preffiones
883 3047 929 3099 ex
962 3038 1068 3125 parte
1096 3017 1254 3124 utrique
1285 3015 1352 3096 srbi
1387 3020 1555 3096 invicem
1586 3025 1727 3124 aquari
1756 3028 1797 3098 δι
1834 3020 1933 3122 fieri
1952 3025 1990 3099 in
2019 3045 2073 3096 re-

1945 3163 2074 3246 grones

692 3427 748 3506 (a)
771 3437 832 3504 326.
853 3425 877 3471 *²
895 3428 1027 3484 incorum
1039 3424 1222 3501 translationes
1233 3421 1344 3482 abinvi·
1393 3419 1526 3488 invicem,
1546 3440 1610 3482 cum
1631 3422 1792 3501 hujusmodi
1812 3425 2004 3488 transsationes
2024 3425 2073 3486 fine

654 3524 712 3564 tent
731 3499 931 3583 &supepisies
952 3507 1082 3576 contigua
1102 3499 1163 3564 tie.
1203 3497 1230 3555 Si
1248 3495 1343 3574 super·
1393 3499 1482 3577 spatia
1501 3498 1702 3559 otiositatibus
1723 3501 1850 3562 relativis
1872 3502 1940 3561 dato
1963 3517 2073 3588 tempo·

653 3579 731 3640 ficies
758 3578 899 3654 contigua
934 3573 1010 3634 nulli
1039 3575 1195 3635 velocitate
1224 3572 1343 3660 relativi
1394 3593 1423 3632 se
1452 3571 1603 3661 descripta.
1650 3574 1688 3648 -Si
1716 3576 1782 3632 verb
1809 3575 2004 3636 transsationes
2021 3579 2074 3636 sllae

645 3655 728 3714 inter
742 3659 769 3712 se
791 3669 997 3716 morerentur,
1026 3650 1109 3711 auti
1134 3649 1221 3708 elient
1244 3647 1341 3725 perfe-
1392 3649 1439 3706 seu
1458 3650 1627 3708 velocitates
1648 3650 1772 3710 relatives
1785 3649 1993 3729 superficierum
2006 3671 2073 3712 con-

654 3729 697 3789 tte
722 3727 855 3793 lubrica,
889 3727 965 3784 nulla
997 3724 1074 3786 foret
1100 3742 1196 3786 earum
1226 3723 1341 3784 frictio:
1394 3723 1532 3802 tiguatum
1563 3743 1701 3801 ponantur
1728 3726 1872 3804 aequales,·
1902 3725 2073 3802 resistentia.

654 3803 727 3864 urst
758 3801 917 3878 superficies
942 3797 992 3858 stur
1013 3806 1157 3877 ripeta&
1182 3797 1238 3858 alia
1261 3799 1342 3876 supet
1394 3799 1502 3864 caeteris
1528 3799 1659 3874 paribus,
1678 3819 1809 3860 eruntne
1830 3803 2075 3878 superficiescon·

654 3879 742 3939 aliam
775 3875 905 3942 incedat,
933 3872 1064 3935 nascetur
1095 3895 1128 3934 ex
1153 3873 1272 3950 partium
1298 3889 1343 3932 at·
1395 3875 1477 3952 rigua
1498 3893 1558 3950 quae
1578 3874 1634 3934 sese
1651 3892 1753 3932 snuruo
1771 3892 1907 3935 atterunt.
1947 3875 2075 3950 Quatefi

654 3953 725 4012 tritu
751 3950 921 4012 resistentia,
953 3969 1028 4025 quae.
1061 3951 1131 4009 dato
1158 3965 1287 4024 tempore
1316 3953 1343 4008 it
1393 3968 1449 4009 nec
1466 3949 1626 4026 superficies
1643 3947 1794 4026 contigue,
1814 3969 1975 4010 neccarum
1996 3952 2077 4011 velo-

654 4025 766 4090 caeteria
801 4025 928 4104 paribus,
956 4025 1106 4084 velocitati
1136 4023 1344 4100 superficierum
1395 4024 1497 4084 citaret
1521 4023 1643 4084 relativas
1671 4024 1717 4084 seu
1738 4025 1934 4084 transsationes
1952 4028 1989 4085 ab
2008 4025 2076 4084 inri-

655 4103 782 4162 telatise
815 4098 1038 4178 proportionalis
1073 4100 1112 4158 eil
1139 4102 1152 4175 (
1180 4118 1210 4157 et
1237 4097 1306 4176 hyp.
1320 4099 1344 4172 ).
1395 4118 1459 4157 cern
1483 4116 1647 4177 aquantu13
1687 4097 1871 4168 renuentia,
1900 4100 2010 4162 caretis
2029 4119 2078 4176 pa·

655 4177 742 4236 Unde
761 4177 780 4235 st
801 4175 958 4254 superficies
985 4173 1135 4252 contiguae,
1159 4119 1346 4262 iomogepeae
1396 4173 1491 4241 ribus,
1519 4192 1602 4233 erunt
1621 4173 1649 4232 in
1669 4174 1778 4234 tatione
1801 4175 1957 4252 componet
1974 4195 2009 4235 ert
2034 4195 2077 4258 ra·

656 4255 686 4308 δι
706 4269 727 4307 ae
750 4251 819 4309 ualis
839 4251 947 4327 ubique
966 4247 1124 4326 asperitatis
1145 4250 1173 4308 se
1194 4247 1223 4306 se
1241 4252 1347 4308 rtrtbus
1397 4247 1478 4308 tione
1501 4248 1707 4328 superficierum
1727 4251 1921 4328 contiguarum
1938 4259 1965 4310 ἃ
1988 4267 2079 4312 rtttto·¹

657 4272 809 4400 aquaiibus
828 4340 968 4403 premant,
989 4330 1015 4382 tt
1035 4343 1169 4401 praterea
1189 4322 1348 4400 superficies
1397 4342 1432 4382 ne
1452 4323 1662 4383 transsationum
1680 4325 1714 4382 ab
1733 4323 1855 4386 invicem
1876 4332 1945 4387 dato
1968 4343 2075 4404 tempo·

657 4418 721 4476 quae
747 4397 827 4475 supet
854 4400 922 4461 alias
953 4399 1002 4458 fibi
1024 4400 1170 4478 contiguas
1191 4397 1326 4458 incedunt
1338 4413 1351 4468 ,'
1397 4396 1592 4459 refectorum.
1621 4399 1677 4457 ‘Im
1699 4397 1828 4460 rollione:
1846 4402 1914 4460 verb
1932 4401 2077 4478 contiguo·

658 4473 781 4550 aquales
805 4471 884 4544 [παις
915 4473 1071 4536 refilientiae
1097 4495 1130 4534 et
1151 4473 1250 4533 attritu
1278 4474 1345 4533 dato
1400 4489 1461 4531 rum
1481 4473 1592 4532 orbium
1619 4473 1648 4531 in
1672 4417 1700 4532 ii
1720 4492 1818 4534 mutuo
1842 4476 2076 4546 ialin-suntor

658 4563 790 4624 ternpore
810 4547 912 4624 genita
929 4551 1158 4624 proportionales
1173 4564 1346 4608 erumnae·
1399 4545 1558 4619 resistentia
1581 4547 1681 4630 quibus
1701 4551 1904 4631 producuntur.

659 4621 823 4698 stationibus
846 4622 1054 4704 inperitiarum
1084 4623 1284 4704 consignatum
1312 4627 1348 4696 ab,
