4408 5668
576 489 655 568 304
880 458 1279 537 Pnrcosoruiie
1316 447 1672 530 Nrirunnnrs

304 591 307 598 ’
400 623 550 681 intrim
632 605 668 681 Si
705 592 905 709 longitudo
936 590 1095 699 cylindri
1134 615 1315 700 augeatur
1348 597 1409 672 vel
1443 597 1662 674 minuatur:
1700 607 1827 672 motus
1858 589 2010 687 ejun‘ut

275 777 277 782 .
398 713 553 831 ζᾟο
575 731 614 800 &
640 744 811 826 tempus,
844 743 922 824 quo
951 707 1205 822 quadruplum
1233 705 1481 818 longitudinis
1510 711 1581 792 suae
1612 705 1813 802 describit,
1841 711 1917 805 (s)
1940 733 2008 784 au·

575 835 818 946 gebitutyel
839 839 1031 914 minuetur
1065 837 1103 910 in
1135 821 1271 909 eidem
1304 836 1478 924 ratione,
1508 823 1676 938 ideoque
1707 834 1763 908 vis
1802 829 1885 920 illa,
1929 823 2006 930 qui

578 973 707 1034 motus
735 953 861 1033 tutius
893 943 1221 1042 indiminutus,
1263 967 1438 1054 tempore
1465 953 1605 1055 paritet
1643 949 1756 1032 audio
1790 946 1853 1026 vel
1887 938 2006 1024 dimi·

580 1092 697 1166 nuto,
727 1077 899 1178 generari
917 1069 978 1159 vel
997 1067 1081 1148 tolli
1107 1061 1238 1174 pollis,
1261 1089 1341 1143 non
1365 1062 1595 1155 mutabitutt
1622 1093 1668 1148 ac
1688 1057 1850 1176 proinde
1870 1067 2007 1144 etlam·

580 1217 675 1272 num
702 1189 854 1296 aqualis
883 1188 935 1268 est
961 1185 1170 1266 resistentia
1201 1175 1390 1286 cylindri,
1435 1209 1526 1265 nam
1556 1195 1598 1270 δι
1632 1185 1715 1268 haec
1749 1207 1907 1294 quoque
1936 1185 2009 1258 ius·

582 1325 728 1390 mutata
755 1325 886 1386 manet
919 1331 987 1413 per
1016 1303 1161 1382 lemma
1195 1325 1255 1383 iv.

644 1421 707 1523 sb)
725 1426 763 1505 Si
777 1418 936 1503 densitas
964 1413 1126 1524 cylindri
1144 1439 1327 1529 augeatur
1350 1419 1411 1500 vel
1428 1423 1640 1502 minuatur:
1670 1441 1800 1504 motus
1818 1419 1896 1522 ejus
1911 1437 1954 1498 ut
1969 1423 2012 1496 dc

585 1547 644 1622 uis
670 1542 745 1651 qui
773 1562 901 1622 motus
925 1533 1064 1620 eodem
1095 1558 1273 1646 tempore
1298 1545 1472 1646 generari
1506 1541 1568 1618 vel
1600 1541 1682 1620 tolli
1715 1539 1856 1649 potest,
1888 1541 1927 1616 in
1952 1531 2015 1610 ed.

584 1654 675 1738 dem
715 1665 862 1738 tatione
891 1655 1178 1766 augebitur.vel
1208 1660 1412 1736 minuetur.
1474 1657 1696 1740 Resistentia
1731 1665 1861 1764 itaque
1896 1652 2016 1756 cylin-

588 1772 646 1856 dri
674 1775 926 1881 cnjuscunque
951 1780 1023 1855 erit
1046 1766 1094 1851 ad
1122 1778 1199 1851 vim
1225 1773 1300 1880 qui
1326 1789 1430 1853 totus
1458 1775 1536 1878 ejus
1562 1793 1712 1868 motus,
1746 1780 1890 1855 interea
1920 1763 2018 1848 dum

590 1889 842 2000 quadruplum
878 1883 1124 1999 longitudinis
1156 1888 1225 1969 suae
1254 1883 1458 1985 describit,
1501 1893 1561 1974 vel
1604 1897 1779 2001 generati
1810 1887 1921 1999 possit
1953 1885 2019 1966 vol

591 2013 699 2102 tolli,
745 2033 787 2088 ut
818 2005 977 2092 densitas
1019 2001 1137 2088 medii
1172 2001 1221 2088 ad
1257 2000 1481 2089 densitatem
1513 2003 1675 2113 cylindri
1711 2000 2019 2122 quamproxime.

592 2122 829 2326 QFluidum
859 2267 988 2323 autem
1019 2244 1220 2346 comprimi
1246 2233 1364 2320 debet
1387 2263 1430 2325 ut
1461 2243 1508 2326 fit
1536 2253 1793 2342 continuum,
1827 2234 1892 2341 (ἱ)
1926 2264 2024 2320 con·

596 2371 744 2445 tinuum
786 2358 878 2442 veri)
917 2355 988 2440 elle
1028 2354 1145 2438 debet
1181 2369 1222 2440 dl
1256 2385 1335 2440 non
1371 2362 1590 2459 clastieum,
1630 2386 1672 2446 ut
1695 2363 1829 2474 pressio
1864 2365 2024 2452 omnis,

598 2511 682 2592 quae
719 2479 767 2560 ab
798 2483 875 2586 ejus
911 2475 1189 2584 compressione
1222 2483 1369 2573 oritur,
1412 2504 1641 2592 propagetur
1686 2489 1726 2562 in
1760 2483 1937 2572 instanti,
1982 2485 2026 2554 δι

598 2609 639 2684 in
671 2625 806 2680 omnes
845 2603 944 2680 moti
982 2601 1152 2703 corporis
1191 2617 1316 2704 partes
1353 2601 1546 2706 aequalitcr
1585 2594 1736 2710 agendo
1783 2596 2026 2678 resistentiam

599 2747 679 2802 non
707 2739 842 2798 mutet.
900 2711 1039 2796 Pressio
1071 2717 1230 2820 utique,
1263 2739 1347 2818 quae
1379 2716 1400 2793 l
1433 2735 1541 2796 motu
1573 2723 1742 2824 corporis
1771 2721 1917 2806 oritur,
1946 2719 2024 2792 irn-

601 2830 778 2948 penditur
803 2841 847 2915 in
889 2852 1043 2914 motum
1071 2835 1234 2939 partium
1267 2824 1373 2912 fluidi
1405 2830 1667 2944 generandum
1704 2847 1745 2916 dc
1776 2831 2024 2915 senitentiam

1910 2967 2027 3028 creat.

643 3185 703 3264 (g)
740 3183 763 3230 *
784 3179 935 3262 Angeliirur
947 3181 1151 3241 vesstimentis.
1191 3179 1292 3257 Quin-
1342 3182 1377 3242 ad
1395 3183 1451 3242 vim
1471 3185 1526 3262 quil
1550 3180 1754 3264 totus-:prioris
1774 3202 1792 3243 e
1813 3179 1898 3242 lindti
1931 3198 2027 3240 moitis

607 3260 672 3322 titas
692 3259 783 3318 nioiili
808 3257 836 3316 in
860 3255 994 3336 cylindro
1011 3257 1090 3333 cujus
1115 3254 1202 3324 bafis,
1223 3258 1291 3317 den·
1342 3261 1446 3320 eodem
1462 3283 1591 3342 tempore
1603 3259 1731 3342 generari
1747 3279 1783 3337 po
1816 3259 1887 3317 trel
1900 3258 1975 3316 tolli.
1999 3271 2030 3312 ut

607 3337 668 3398 sitas
690 3342 715 3392 nr
741 3332 881 3394 velocitas
905 3333 976 3392 daia
1004 3330 1083 3396 sunt,
1104 3350 1221 3411 augetur
1245 3333 1292 3393 vel
1342 3331 1907 3414 densitasaquaeaddensratemcylindri,
1932 3331 2033 3389 conse·

607 3412 743 3472 minuitur
767 3411 797 3469 in
824 3408 935 3468 ratione
954 3405 1142 3486 longitudinis
1166 3409 1291 3487 cylindri
1364 3413 1481 3472 uensesl
1494 3407 2030 3489 utrefilleniiacylindiicujuscumque

608 3491 657 3574 seu
671 3485 828 3572 voluminis.
849 3486 875 3541 ἃ
889 3500 997 3570 tempus
1006 3502 1074 3570 fluo
1083 3480 1226 3569 cylindrus
1240 3487 1291 3545 da·
1342 3433 1374 3548 iit
1389 3490 1423 3547 ad
1438 3490 1493 3547 vim
1505 3490 1560 3567 quii
1572 3507 1649 3548 totns
1661 3489 1719 3566 ejus
1735 3505 1833 3546 moins.
1855 3475 2032 3542 iniereadun

610 3567 639 3624 ri
650 3565 699 3622 illi
713 3565 868 3623 velocitate
879 3560 1060 3620 uniformiter
1101 3561 1292 3636 ingrediendo
1345 3565 1532 3644 quadruplum
1554 3561 1740 3642 longitudinis
1761 3562 1811 3622 siiae
1824 3559 1962 3620 ¹describit
1980 3577 2034 3634 ge·

580 3669 585 3680 ·
609 3639 793 3718 quadruplum
809 3633 996 3725 longitudinis
1013 3580 1098 3694 suaed
1432 3639 1439 3652 '

611 3735 693 3794 gesur
714 3715 759 3773 iel
782 3712 918 3772 minuitur
943 3712 970 3770 in
992 3709 1091 3770 eidem
1106 3709 1295 3788 longitudinis
1347 3717 1382 3777 ad
1404 3716 1570 3777 densitatem
1593 3711 1716 3794 cylindri
1764 3711 1964 3790 namproaime·

611 3792 759 3854 aristevel
779 3787 924 3848 diminutae
944 3787 1058 3848 rarione
1088 3787 1138 3862 (5.
1166 3787 1217 3845 lib.
1248 3787 1296 3863 i.)
1385 3790 1441 3866 (i)
1480 3793 1684 3850 *continuum
1699 3809 1766 3846 vtio
1786 3783 2035 3866 intercidunt

613 3869 738 3944 ideoque
757 3864 858 3942 (179)
883 3861 923 3921 vis
945 3865 994 3921 i'llo
1021 3859 1077 3940 qud
1096 3879 1184 3919 motus
1205 3865 1299 3924 annui
1350 3867 1491 3924 classium.
1531 3865 1608 3924 Nam
1629 3863 1854 3926 stlluidumessei
1875 3859 2037 3923 classicum,

614 3950 669 4002 dic.
1352 3885 1433 4019 ipius
1457 3959 1549 4020 partes
1574 3960 1624 4018 per
1649 3937 1879 4017 conspresfionem
1904 3935 2038 3994 conden-

647 4019 717 4094 ‚ghl
754 4017 776 4064 l‘
807 4019 833 4072 Sl
857 4013 969 4092 drnfiras
984 4011 1098 4085 cylindri
1117 4013 1226 4071 ceteris
1238 4031 1301 4072 ma·
1352 4017 1496 4084 fitemini,
1517 4023 1542 4074 δι
1563 4016 1666 4075 deinde
1690 4012 1869 4082 raiefierenr,
1888 4015 1972 4087 inque
1994 4009 2038 4069 iit

611 4095 762 4155 uentibus,
777 4090 964 4168 augeatiirvss
973 4093 1129 4153 minuatur,
1148 4092 1302 4157 meritorius
1353 4092 1450 4168 presio
1476 4111 1651 4165 permotum
1678 4087 1891 4166 progressuum,
1915 4084 1966 4164 qui
1993 4085 2039 4142 in-

617 4175 647 4225 u't
671 4169 706 4230 (Γ
727 4175 772 4226 vis
788 4166 844 4243 qna*
866 4182 952 4221 motus
969 4163 1059 4221 eodem
1081 4178 1199 4241 tempore
1214 4185 1301 4242 gene·
1353 4170 1508 4227 slanianeiii
1517 4169 1570 4225 esse
1579 4186 1635 4224 non
1645 4165 1746 4244 potest,
1765 4181 1973 4242 propagaretur.
1997 4165 2040 4220 At

618 4251 675 4302 rari
694 4246 813 4302 vestnlli
827 4239 917 4322 potest,
940 4243 969 4295 in
991 4237 1197 4298 tddemraiiorie
1216 4257 1302 4314 nitge-
1353 4244 1506 4302 fillirinuin
1527 4245 1692 4301 continuum
1721 4239 1752 4298 fit
1773 4245 1799 4296 δι
1818 4238 1928 4298 densari
1954 4251 2042 4294 cotn-

1096 3633 1228 3703 escribii,
1243 3656 1293 3696 au·
1347 3659 1440 3702 nerari
1463 3641 1509 3698 iel
1531 3641 1596 3700 tolli
1621 3638 1730 3718 potest,
1750 3656 1780 3698 ui
1807 3635 1926 3696 denfitas
1946 3651 2034 3721 ¹ailus:

619 4317 691 4376 bitur
706 4320 752 4376 ries
768 4325 906 4376 minuetur
922 4313 1019 4448 (27⁹¹)
1060 4317 1135 4371 Cum
1152 4314 1301 4391 igiturcy·
1353 4319 1488 4408 pressione
1515 4335 1650 4395 nequeat,
1670 4313 1767 4402 pressio
1790 4311 1991 4392 propagabitur
2010 4312 2041 4371 in

619 4393 705 4452 lindri
737 4393 927 4469 cujuscunque
952 4409 982 4450 re

621 4467 646 4525 vi
673 4467 728 4546 qui
752 4485 845 4526 motus
871 4465 994 4544 cylindri
1013 4483 1092 4543 aquae
1116 4465 1240 4539 ejusdem
1257 4463 1303 4523 ba·
1354 4468 1384 4528 in
1398 4467 1465 4524 siaiu
1476 4467 1600 4527 naturali
1614 4465 1798 4524 constitutam
1816 4465 1860 4521 tis
1877 4461 1952 4542 posse
1971 4481 2043 4520 con-

621 4541 670 4608 su,
697 4541 855 4600 altitudinis
880 4551 904 4600 lsi
927 4541 1107 4602 velocitatis,
1129 4543 1305 4598 iniciendum
1354 4543 1489 4608 densari,
1510 4543 1557 4601 seu
1586 4543 1615 4600 in
1643 4539 1761 4619 spatium
1786 4539 1877 4596 minus
1894 4537 2045 4612 compres-

621 4617 806 4704 quadrpplum
830 4615 1014 4692 longitudinis
1035 4615 1087 4674 sua
1108 4613 1243 4672 describit
1258 4633 1305 4691 ge·
1354 4617 1430 4677 sione
1454 4616 1566 4705 redigi3
1607 4635 1699 4676 etune
1718 4617 1821 4673 notitia
1840 4617 1890 4674 atr
1914 4613 2045 4671 nisiirnae

623 4710 715 4754 serari
738 4693 783 4751 vel
809 4690 874 4750 toln
894 4689 997 4767 point,
1024 4695 1050 4750 δι
1073 4690 1114 4750 iis
1137 4688 1197 4749 haec
1213 4689 1247 4750 fii
1269 4689 1304 4750 ad
1354 4693 1590 4756 conuersationis
1605 4697 1631 4750 st
1654 4689 1850 4752 raresauionis
1871 4691 1904 4749 sii
1923 4706 2023 4766 capax.

993 4387 1103 4448 illontia
1134 4389 1246 4466 aeqnalis
1271 4389 1303 4448 sit
1354 4393 1476 4452 instanti.
1518 4391 2041 4468 Experimentisieroconllaraquam
