4362 5662
605 425 681 516 198
890 412 1329 502 l’nreosoerrtm
1387 414 1752 504 Nrruntrrs

422 582 471 672 12¹
487 586 577 644 nora
601 604 709 656 arcus
739 579 811 656 toti
827 606 839 672 3
871 573 1081 656 resistentie
1113 573 1379 658 velocitatibus
1408 578 1735 686 proportionales,
1765 594 1877 670 erunt
1907 582 2027 662 etiam

421 662 554 798 ξξῗο
600 689 650 774 ad
676 701 841 776 invicem
868 717 909 772 ut
928 685 1047 773 iidem
1074 719 1193 773 arcus.
1256 687 1423 776 Proinde
1442 693 1469 772 st
1490 693 1630 776 viribus
1653 693 1880 778 morticibus
1899 698 1922 778 ir
1943 723 2027 806 gra.

599 819 718 900 vitate
745 806 935 905 orIundis,
965 837 1049 917 quae
1076 811 1147 892 srnt
1176 829 1218 892 ut
1248 805 1369 892 iidem
1391 838 1518 906 arcus,
1550 811 1765 894 auferantur
1794 817 1854 894 vel
1885 809 2027 896 addan·

595 949 660 1011 tur
691 930 750 1012 hoe
780 929 1030 1023 resistentie,
1084 951 1196 1010 erunt
1232 920 1455 1010 differentiae
1489 932 1551 1011 vel
1583 929 1741 1012 summae
1774 925 1823 1012 ad
1854 937 2026 1013 invicem

474 1050 478 1068 '
594 1053 635 1130 in
682 1041 817 1130 eidem
865 1073 1022 1126 arcuum
1060 1053 1238 1127 ratione:
1279 1073 1448 1156 cumque
1491 1050 1744 1132 velocitaeum
1789 1055 2028 1132 incrementa

593 1168 655 1248 vel
688 1159 936 1247 decrementa
970 1163 1042 1244 stnt
1068 1187 1110 1244 ut
1138 1163 1196 1246 bae
1227 1157 1448 1248 differentiae
1479 1169 1541 1248 vel
1580 1165 1763 1262 summe,
1802 1171 2028 1250 velocitates

592 1283 738 1394 semper
765 1305 879 1365 erunt
911 1302 954 1362 ut
978 1308 1086 1362 arcus
1113 1290 1212 1368 toti:
1244 1285 1362 1393 Igitur
1391 1285 1638 1380 velocitates,
1672 1287 1697 1366 st
1728 1286 1800 1368 bnt
1827 1291 1870 1366 in
1892 1291 2027 1394 aliquo

593 1401 745 1484 casuue
771 1428 878 1482 arcus
900 1407 994 1497 toti,
1027 1398 1238 1481 manebunt
1258 1401 1405 1510 semper
1431 1409 1470 1484 in
1487 1397 1636 1484 nedem
1663 1411 1823 1486 ratione.
1885 1397 2028 1486 sedin

589 1526 780 1629 principio
808 1541 958 1616 motus,
990 1541 1033 1600 ut
1058 1543 1222 1628 corpore
1256 1527 1444 1626 incipiunt
1474 1513 1703 1603 descendere
1730 1532 1772 1606 δι
1799 1548 1910 1602 arcus
1938 1523 2025 1602 illos

522 1667 524 1676 ¹
589 1631 826 1732 describere,
860 1643 982 1730 vires,
1013 1663 1104 1724 curn
1135 1637 1206 1718 snrt
1234 1637 1396 1718 arcubus
1427 1641 1753 1746 proportionales,
1783 1638 2026 1750 generabunt

588 1759 810 1836 velocitates
827 1751 986 1834 arcubus
1008 1756 1322 1862 proportionales.
1385 1757 1486 1866 Ergo
1503 1758 1726 1842 velocitates
1745 1754 1894 1868 semper
1908 1777 2025 1839 crunt

589 1897 634 1955 ut
659 1899 767 1954 arcus
803 1879 875 1958 toti
906 1865 1172 1969 describendi,
1204 1883 1246 1962 te
1279 1893 1481 1984 propterea
1520 1901 1628 1962 arcus
1657 1876 1712 1960 illi
1739 1877 1852 1963 fimul
1881 1866 2025 1959 descri-

589 1985 740 2076 bentut,
801 1983 857 2112 Q.
888 1985 934 2074 Ε,
967 1989 1024 2078 Ι).

700 2182 1095 2281 vnorost'rro
1141 2181 1333 2267 xxvtt.
1385 2142 1908 2280 turonensium.

586 2377 631 2466 Si
657 2375 855 2491 corporibus
879 2369 1141 2490 strependulis
1177 2371 1338 2486 refisiirur
1363 2380 1405 2458 in
1443 2374 1636 2492 duplicares
1670 2383 1810 2460 rarione
1838 2375 2019 2458 velocita-

647 2521 727 2576 tum
753 2557 764 2594 ,
794 2494 1007 2602 differentia·
1041 2499 1134 2580 inter
1160 2518 1320 2608 tempora
1350 2489 1616 2606 oscillationem
1643 2503 1683 2578 in
1712 2496 1831 2578 medio
1852 2494 2020 2610 refiflenre

643 2643 689 2694 ae
722 2637 880 2726 tempora
910 2610 1173 2728 oftillotionnm
1201 2619 1240 2692 in
1276 2607 1434 2724 ejusdem
1458 2619 1665 2726 gravitatis
1690 2612 1866 2731 specificae
1900 2612 2020 2702 medio

648 2759 717 2815 non
744 2729 934 2841 ubilero,
966 2753 1071 2816 erunt
1100 2727 1257 2814 arcubus
1290 2725 1482 2850 oscillando
1515 2729 1698 2851 descriptis
1738 2717 2018 2854 proportionales

649 2878 762 2962 quam
789 2847 965 2966 proximi.

650 3047 720 3144 (Ζ)
747 3049 854 3130 Nam
886 3038 1059 3155 pendulis
1092 3041 1298 3154 :equalibus
1324 3019 1365 3126 iit
1382 3041 1520 3128 medio
1543 3044 1731 3131 resistente
1759 3041 2019 3129 describantur

591 3193 699 3254 arcus
726 3168 929 3280 inaequales
958 3167 1021 3256 A,
1052 3161 1111 3256 Bt
1140 3173 1180 3248 δι
1210 3163 1410 3248 resistentia
1447 3173 1617 3280 corporis
1652 3173 1693 3250 in
1732 3192 1822 3248 arcu
1855 3167 1913 3264 A,
1943 3173 2018 3248 erit

1968 3277 2020 3366 ad

587 3543 671 3607 -fimul
695 3541 861 3624 perveniunt
881 3542 917 3606 ad
940 3543 1069 3622 punitum
1089 3537 1279 3607 infimumCr
1330 3539 1530 3608 blechemere,
1562 3559 1676 3601 necnon
1703 3537 1815 3601 Clariis.
1836 3539 2017 3600 Bernoullius

591 3625 619 3682 δι
642 3621 853 3679 eodemmodo
873 3621 1007 3696 probatur
1028 3617 1278 3698 quodarcusCa,
1331 3616 1360 3674 in
1383 3616 1573 3676 monumentis
1597 3618 1691 3681 need.
1727 3619 1801 3702 Reg.
1827 3613 2017 3676 Scienriatum

591 3695 645 3756 Ce
670 3695 748 3756 final
769 3695 938 3826 deperibant.
1331 3691 1417 3750 Paris.
1435 3710 1480 3752 an.
1503 3713 1588 3768 ¹73⁰·
1627 3692 1740 3752 Novem
1758 3711 1832 3750 vtem
1855 3691 1909 3768 qui
1926 3711 2017 3754 curva

629 3775 755 3837 Sciroiion.
828 3787 959 3829 ewtonue
980 3767 1010 3826 in
1030 3765 1135 3828 duabus
1154 3763 1280 3844 propos·
1332 3768 1531 3830 ravtochronae
1554 3770 1584 3827 io
1601 3768 1700 3829 medio
1721 3765 1854 3848 quolibet
1872 3767 2017 3828 resiliente

590 3846 717 3907 tionibus
736 3843 957 3923 praecedentibus
976 3841 1100 3902 ostendit
1114 3841 1279 3919 cycloidem
1330 3841 1429 3926 polline
1457 3843 1576 3903 inveniri
1600 3844 1711 3922 aperuit
1733 3847 1772 3904 D.
1820 3842 1962 3903 fontaine
1984 3843 2016 3902 in

590 3923 646 3984 effe
666 3941 779 3985 curvent
798 3917 1001 3984 isochronam,
1020 3920 1127 3996 (quam
1149 3915 1200 3975 alii
1216 3934 1278 3974 tau·
1327 3916 1427 3976 risdem
1444 3918 1635 3978 nronumentis
1654 3918 1720 3978 anni
1741 3935 1822 3992 1734.

589 3999 764 4061 tochrontm
779 3994 958 4074 appelleon)
979 4013 1035 4051 non
1054 3992 1161 4054 tentitm
1176 3993 1204 4050 in
1217 4010 1278 4052 me·
1364 3995 1427 4070 (2)
1467 3995 1578 4054 *Nem
1593 3995 1717 4074 pendulis
1739 3993 1883 4072 equalibus
1903 3998 1932 4052 in
1952 4011 2013 4052 me—

591 4075 641 4141 dio
654 4093 711 4134 non
723 4073 872 4139 resstente,
888 4069 935 4129 sed
947 4067 1034 4129 etiam
1045 4069 1074 4129 in
1085 4067 1181 4128 medio
1195 4067 1276 4144 quod
1325 4068 1369 4130 dio
1401 4069 1527 4150 rrfistrrn
1555 4070 1739 4210 deperibanmr
1765 4087 1843 4128 arcus
1867 4071 2016 4146 inequales

591 4150 621 4210 in
639 4150 750 4210 ratione
780 4165 991 4207 momentorum
1021 4142 1178 4222 temporis,
1198 4151 1224 4203 δι
1246 4143 1276 4203 in
1326 4144 1399 4210 A&
1423 4155 1454 4213 fl,
1477 4145 1725 4225 *adpeniorem
1740 4145 1821 4222 hujus
1839 4144 2015 4208 demonstra-

587 4223 777 4299 medioquod
785 4223 898 4281 ratione
909 4221 957 4282 sm
976 4219 1025 4282 lici
1035 4220 1199 4284 velocitatis
1207 4219 1274 4280 refi-
1326 4218 1413 4279 tionis
1436 4220 1631 4290 evidentiam,
1660 4221 1779 4300 fingatur
1796 4219 1864 4280 ilios
1884 4241 1963 4280 arcus
1983 4221 2015 4279 in

587 4298 653 4370 liit3
677 4302 780 4364 Verum
802 4316 928 4378 qaenam
949 4244 1151 4359 decantanta
1176 4313 1275 4356 tauto·
1328 4295 1452 4356 totidem
1503 4316 1578 4357 atres
1629 4317 1690 4356 uam
1723 4295 1853 4356 minimas
1878 4295 1952 4356 inter
1981 4295 2015 4356 se

458 4392 462 4400 ·
588 4373 699 4440 chrona
725 4373 754 4432 in
775 4373 925 4457 hypothes
952 4373 1108 4436 refillentiae
1132 4372 1273 4432 velocita·
1326 4373 1447 4446 aquales
1473 4315 1581 4442 dividi,
1608 4319 1724 4450 tlinguiri
1751 4371 1779 4428 in
1797 4389 1922 4448 utroque
1944 4391 2014 4431 areu

485 4455 488 4460 '
588 4467 651 4508 tum
670 4447 809 4526 quadrato
853 4450 1131 4526 roportionalisnon
1154 4447 1272 4510 indicet.
1327 4463 1409 4504 erunt
1429 4447 1637 4508 torisnrcrrbus
1661 4445 1891 4532 proportionales
1911 4446 2013 4506 diean-

588 4521 806 4602 Elegantiilimas
831 4469 947 4602 liujusee
982 4523 1168 4602 problematis
1195 4521 1275 4610 solu3
1328 4539 1429 4599 surque
1457 4530 1520 4584 a&
1539 4526 1576 4592 b,
1605 4524 1766 4585 fimedrum
1792 4539 1841 4584 aur
1863 4543 1922 4582 non
1943 4521 2013 4608 eyst-

590 4601 684 4668 tiones
713 4598 816 4657 dedere
855 4601 1037 4661 celeberrimi
1075 4598 1273 4664 mathematici
1327 4595 1413 4658 lieret
1430 4618 1478 4659 aut
1509 4599 1645 4660 reliberet
1672 4598 1701 4658 in
1728 4597 1840 4662 ratione
1870 4601 2015 4658 velocita-

589 4675 704 4743 Euletus
724 4667 793 4740 tomi
815 4693 843 4746 4.
861 4676 953 4744 Acad.
971 4679 1086 4764 Petrop.
1109 4679 1136 4742 br
1156 4691 1228 4740 tvm·
1245 4697 1272 4738 e,
1328 4693 1397 4746 rum,
1415 4676 1585 4742 velocitates
1606 4673 1691 4737 initio
1713 4675 1916 4754 particularum
1939 4691 2014 4750 qua-

1226 4789 1227 4792 =
1935 4767 2017 4809 tutu·
