4444 5668
639 437 664 488 i..
817 437 822 446 ·
921 402 1767 491 'tutio-sotitin'Nitunitrs

450 564 499 621 DE
515 563 607 620 Mor„
638 556 763 602 trientum
789 541 906 603 inverse.
968 543 1042 603 Nam
1068 537 1222 601 resistentia
1258 539 1326 600 ilato
1371 538 1475 599 trientis
1493 539 1526 598 fit
1542 536 1690 618 cognitum
1712 555 1820 618 partem
1837 539 1989 619 quamdam
2017 551 2076 600 tei

449 639 477 696 c
487 655 535 696 οἱ(
547 655 562 694 p
574 654 611 696 0.
639 618 774 696 temporix
789 639 935 679 momeno
954 619 992 679 eli
1006 639 1035 678 ut
1049 618 1141 677 mortis
1161 617 1328 676 decremen-
1371 615 1498 675 sistentia
1514 613 1664 674 fluidorum
1684 610 1856 676 uniformem
1868 615 1945 686 effe,
1964 616 2075 676 consi-

451 731 553 776 lun..

639 714 697 755 um
717 693 822 752 directe
842 696 933 771 (t)&
958 696 1027 754 dato
1046 693 1139 752 monis
1157 693 1328 778 decremen·
1371 690 1501 752 derandae
1532 690 1605 776 sunt·
1622 707 1745 767 quatuor
1773 691 1835 752 alia
1863 691 2074 778 hypotheses,

607 777 611 788 '
639 789 671 833 to
685 770 723 828 est
743 771 849 829 inverse
867 791 896 830 ut
915 786 1090 828 tnnmentcni
1110 785 1247 853 temporis
1266 787 1325 852 quo
1373 765 1537 853 inquirunt
1564 767 1653 844 primi
1678 765 1832 827 relistentia
1852 765 1971 844 fingatur
1992 785 2075 828 ttni-

639 846 732 905 mortis
752 848 962 905 decrementum
983 861 1145 922 generatur.
1197 849 1326 902 biennii
1370 841 1496 912 formis,
1529 861 1558 900 in
1588 841 1707 901 secundi
1733 841 1836 920 partim
1862 841 2075 904 uniformis&

640 921 777 1000 subduplo
796 922 840 979 vel
859 921 997 998 subtriplo
1016 916 1152 996 temporis
1168 935 1326 984 momento,
1372 915 1474 995 partito
1491 917 1640 976 velocitati
1659 918 1902 997 proportionalis,
1920 917 1952 976 in
1974 913 2074 979 tertia

641 996 716 1056 idern
737 999 830 1054 moitis
858 997 1063 1057 incrementum
1087 993 1132 1052 vel
1158 993 1328 1052 decremen-
1372 991 1475 1071 partim
1496 991 1645 1053 uniformis
1666 1000 1691 1052 dt
1713 993 1815 1072 partim
1843 1011 1874 1052 ut
1889 995 2073 1072 quadratum

641 1091 700 1132 tuni
731 1091 909 1148 generetur,
939 1073 979 1130 vis
1007 1090 1145 1153 generans
1170 1067 1254 1144 dupla
1279 1083 1328 1128 aut
1372 1067 1554 1136 velocitatis,
1588 1074 1614 1126 dt
1640 1067 1670 1128 in
1693 1069 1792 1146 quarta*
1810 1068 1937 1148 denique
1955 1065 2073 1146 partim

642 1147 726 1225 tripla
743 1146 791 1206 est.
1372 1143 1540 1212 uniformis,
1562 1143 1662 1222 partim
1681 1163 1711 1202 ut
1729 1144 1890 1213 velocitas,
1911 1143 2072 1218 &partim

680 1243 705 1300 3,
747 1222 823 1282 Hinc
843 1222 907 1284 dati
929 1220 1059 1300 corporis
1083 1214 1327 1282 nasturcium·
1372 1235 1402 1277 ut
1429 1219 1591 1280 velocitatis
1615 1219 1792 1297 quadratum.
1844 1221 1938 1280 Prima
1959 1219 2068 1288 etthie

640 1296 681 1356 tia
700 1295 785 1358 estut
802 1299 965 1376 velocitatis
986 1301 1197 1358 decrementum
1220 1293 1326 1353 directe
1370 1311 1494 1382 quatuor
1506 1294 1710 1375 hypothefibus
1731 1294 1806 1356 nihil
1825 1295 1914 1356 habet
1931 1294 2069 1356 difficul-

548 1369 551 1374 ’
642 1378 668 1431 δι
689 1392 871 1434 momentum.
883 1373 1017 1452 temporis
1038 1373 1155 1432 inverse'.
1372 1385 1438 1429 tatis
1448 1408 1458 1439 ,
1477 1393 1542 1432 curn
1558 1367 1708 1432 uniformis
1725 1365 1878 1433 resistentia
1895 1370 2071 1432 confideret·

678 1469 709 1518 4.
750 1449 898 1524 Quoniam
912 1447 1031 1510 directio
1046 1447 1088 1506 vis
1101 1446 1266 1508 refillentiae,
1286 1442 1329 1504 di·
1372 1445 1397 1504 ri
1418 1445 1497 1524 poffit
1524 1465 1656 1525 tanquam
1686 1448 1809 1525 gravitas
1837 1447 1965 1515 constans
1993 1447 2070 1506 curu

642 1523 762 1583 sectioni
782 1525 898 1584 mobilis
916 1524 1059 1584 contraria
1079 1521 1118 1581 est
1140 1525 1208 1598 (1),
1227 1539 1330 1599 corpus
1372 1539 1480 1580 motum
1501 1521 1677 1584 ascendentis
1693 1523 1982 1604 corporis-retardat,
2002 1520 2075 1598 quil.

642 1598 702 1658 soli
718 1601 744 1659 vi
764 1599 844 1658 insiti
863 1600 893 1658 in
914 1599 1011 1660 medio
1032 1597 1170 1658 resiliente
1195 1615 1331 1661 motum,
1372 1595 1408 1656 de
1428 1615 1458 1658 re
1475 1597 1540 1658 satis
1558 1601 1647 1659 actum
1665 1597 1703 1658 est
1722 1599 1774 1658 tin.
1791 1619 1817 1660 r.
1836 1615 1892 1657 tres
1909 1596 1977 1658 vetd
1996 1615 2066 1673 quae

642 1693 691 1752 pet
711 1678 814 1735 testam
833 1675 937 1735 lineam
958 1673 1095 1734 continui)
1118 1673 1229 1738 fertur,
1250 1670 1330 1804 Herod
1373 1669 1524 1748 sequuntur
1558 1674 1596 1752 hy
1618 1672 1734 1734 othescs
1765 1695 1823 1734 non
1852 1675 1923 1752 tegre
1956 1670 2067 1734 referri

644 1749 732 1810 etiarn
754 1751 867 1812 evenire
901 1751 1006 1810 debete
1033 1748 1246 1810 manifestume
1278 1743 1330 1815 ,fit
1373 1746 1537 1828 plerumque
1550 1693 1705 1827 poliuntad
1727 1748 1980 1810 determinationes
1995 1765 2069 1808 trio·

642 1844 743 1904 corpus
766 1825 792 1884 vi
811 1823 939 1903 quilibet
958 1824 1162 1886 accelerattice
1179 1826 1327 1884 veltetar·
1373 1839 1451 1881 utum
1473 1845 1541 1904 quas
1569 1823 1631 1884 aliz
1654 1825 1763 1903 priores
1789 1824 1808 1884 li
1831 1825 1968 1905 potheses
1992 1823 2072 1902 (de

642 1899 773 1964 datrice,
793 1902 943 1960 secundum
958 1902 1004 1960 vel
1024 1902 1126 1960 contri
1140 1897 1327 1962 directionem
1372 1897 1472 1974 quibus
1490 1907 1525 1960 ab
1543 1899 1632 1960 initio
1654 1847 1828 1978 columelli
1853 1898 2069 1979 suppeditant,-

642 1977 737 2036 motiis
757 1976 830 2036 insiti
850 1995 991 2062 urgeatur.
1371 1973 1449 2050 quod
1471 1976 1604 2053 deinceps
1622 1973 1810 2036 ostendemus.

685 2073 712 2124 5.
751 2049 916 2111 Refillentia
943 2049 1113 2111 confidetati
1144 2049 1239 2138 potest*
1267 2065 1328 2110 tan·
1412 2055 1438 2109 8.
1479 2051 1506 2110 Si
1526 2049 1648 2111 inedium
1666 2049 1696 2108 in
1719 2072 1782 2128 quo·
1804 2071 1906 2130 corpus
1927 2066 2064 2113 movetur

643 2147 725 2205 quam
750 2127 789 2184 vis
820 2126 966 2186 retardans
993 2133 1019 2186 dt
1043 2145 1106 2185 cum
1132 2145 1159 2184 vi
1182 2125 1327 2204 gravitatis
1372 2125 1495 2256 perfecie
1509 2125 1623 2186 fluidum
1637 2123 1677 2188 fit.
1697 2129 1756 2188 hoc
1775 2128 1824 2195 est,
1845 2126 1969 2207 partibus
1985 2147 2066 2186 con-

643 2203 698 2280 qui
723 2222 876 2288 corporum
903 2201 1114 2262 ascendentium
1143 2220 1237 2259 motus
1264 2211 1328 2278 pt·
1395 2216 1424 2258 et
1444 2201 1552 2278 optime'
1575 2199 1713 2278 levigatis
1741 2203 1874 2282 nullique
1903 2201 2066 2263 tenacitate

661 2279 729 2337 erud
747 2277 888 2338 minuitur·
903 2276 1041 2337 conferti.
1095 2277 1151 2345 Vis
1168 2275 1244 2336 enirn
1263 2274 1329 2337 teli·
1372 2274 1603 2345 coherentibus,
1623 2296 1683 2353 qua
1702 2278 1821 2354 proinde
1840 2279 1867 2338 vi
1886 2279 2062 2354 cuicumque

641 2297 748 2414 lientiae
761 2353 831 2413 licut
847 2351 1045 2432 vis'gtavitatis
1059 2350 1167 2410 infinite
1181 2371 1265 2431 parva
1278 2350 1333 2418 est„
1372 2351 1458 2412 illatae
1478 2355 1610 2418 cedant,
1632 2357 1660 2410 dt
1682 2354 1813 2414 cedendo
1832 2353 1971 2414 facillimi
1991 2373 2063 2412 mo-

641 2427 661 2488 si
680 2429 845 2489 conferatur
865 2448 929 2487 curn
948 2427 975 2486 vi
996 2426 1048 2487 illd
1064 2422 1126 2505 quri'
1139 2445 1242 2506 corpus
1260 2445 1327 2484 mo·
1373 2443 1487 2487 veantur
1503 2427 1576 2488 inter
1598 2427 1649 2490 se,
1668 2429 1729 2491 sola
1748 2451 1783 2490 ea
1800 2429 2003 2490 consideranda
2015 2427 2063 2488 est

642 2522 671 2561 tu
692 2504 775 2564 linito
795 2501 911 2568 cietur,
932 2502 978 2562 seu
998 2503 1053 2589 qud
1073 2501 1091 2562 s
1104 2502 1191 2562 atium
1216 2499 1327 2560 linitum
1372 2501 1524 2564 refistentia
1544 2524 1604 2581 qute
1626 2526 1660 2567 ex
1683 2505 1772 2564 medii
1794 2505 1936 2566 read'tione
1961 2523 2062 2564 ortum

640 2577 721 2639 finito
741 2597 871 2658 tempore
893 2577 1038 2638 describit.
1108 2597 1152 2636 am
1166 2575 1184 2634 fi
1199 2575 1329 2634 resisten·
1372 2578 1461 2645 ducii,
1482 2578 1577 2656 elique
1591 2578 1642 2640 illa
1663 2599 1694 2637 ut
1713 2579 1832 2640 densitas
1847 2580 1976 2640 medii&
1991 2601 2063 2658 quat-

641 2653 687 2714 tiae
706 2675 790 2732 quani
816 2653 895 2712 omni
917 2651 1055 2731 temporis
1076 2668 1226 2712 momento
1251 2651 1327 2726 pati·
1371 2651 1481 2714 dranun
1512 2654 1674 2714 velocitatis
1706 2655 1821 2714 mobilis
1846 2655 1906 2715 dati
1933 2655 2061 2732 conjun-

641 2749 686 2787 rur
708 2751 829 2809 corpus,
849 2727 890 2788 vis
911 2727 978 2786 ellet
999 2725 1097 2790 finita,
1123 2723 1175 2784 sive
1198 2724 1325 2802 ejusdem
1371 2727 1452 2788 clim..
1496 2731 1564 2790 Haec
1590 2730 1666 2789 euim
1687 2729 1839 2790 resistentia
1863 2733 1938 2809 (per
1962 2733 2061 2790 mottls

640 2807 751 2885 generis
773 2825 836 2864 curn
857 2802 883 2861 vi
898 2801 977 2862 finiti
998 2802 1131 2935 corporis
1155 2817 1242 2885 motu⁸
1257 2799 1324 2860 fini·
1370 2802 1426 2878 leg.
1447 2827 1472 2864 2.
1491 2810 1517 2865 dt
1535 2825 1561 2880 3.
1579 2804 1629 2864 lib.
1654 2807 1703 2879 ι.)
1725 2804 1810 2866 estut
1829 2811 1974 2893 quantitas
1992 2827 2060 2866 mo-

640 2901 672 2939 to
692 2881 761 2946 acti,
792 2878 902 2938 infinita
929 2877 1043 2936 multitu
1066 2897 1083 2936 o
1109 2875 1323 2936 resistentiarum
1371 2878 1412 2937 tus
1429 2881 1497 2938 dato
1514 2881 1689 2957 tempusculo
1708 2881 1922 2952 communicati,
1942 2881 1989 2940 sed
2003 2883 2057 2942 da-

640 2975 901 3017 momentauearum
939 2952 1022 3014 linito
1060 2951 1161 3030 quovis
1194 2966 1253 3010 tem
1274 2970 1325 3036 ote
1371 2954 1399 3012 td
1428 2955 1543 3015 mobilis
1571 2955 1750 3024 velocitate,
1787 2959 1929 3035 quantitas
1959 2958 2057 3018 uronis

639 3033 799 3108 produlia,
824 3049 915 3090 totum
943 3027 1072 3106 corporis
1092 3045 1234 3113 ‘motum'
1282 3045 1325 3088 tto
1370 3030 1573 3090 communicati
1599 3031 1639 3092 est
1665 3049 1696 3092 ut
1716 3033 1858 3109 quantitas
1881 3032 1959 3094 fluidi
1982 3052 2057 3092 tem-

639 3107 772 3183 quolibet
783 3107 888 3186 exiguo
900 3123 1029 3182 tempore
1041 3118 1230 3181 extingueret,
1244 3103 1324 3178 quod
1390 3105 1486 3165 osculo
1504 3109 1572 3166 dato
1589 3107 1738 3174 movenda,
1758 3108 1816 3168 hoo
1835 3109 1896 3177 eil,
1916 3129 1946 3169 ut
1963 3107 2060 3170 denfi·

639 3179 678 3240 eit
696 3186 799 3244 contra
817 3183 883 3260 hyp.
898 3216 907 3246 ,
924 3180 980 3260 qud
997 3177 1179 3257 supponimus
1194 3177 1324 3254 corporis
1370 3123 1432 3239 iiras
1454 3181 1557 3250 medii3
1579 3182 1760 3243 dard-autem
1784 3185 1873 3244 medii
1894 3183 2057 3252 denlitate,

638 3273 750 3317 motum
779 3273 906 3335 tempore
941 3255 1039 3334 aliquo
1060 3253 1142 3314 linito
1168 3252 1198 3312 in
1224 3251 1322 3313 medio
1369 3257 1510 3342 quantitas
1528 3257 1621 3316 motils
1640 3259 2057 3338 coinmunicatiell'utquart-

638 3332 779 3394 refillente
806 3331 994 3413 perseverate.
1130 3400 1138 3414 ,
1370 3349 1435 3389 titas
1462 3331 1540 3390 fluidi
1567 3333 1635 3392 dato
1658 3333 1834 3411 tempusculo
1859 3337 2056 3406 dimovenda,

678 3425 706 3468 s.
746 3411 824 3469 Hinc
847 3427 898 3475 cor
920 3405 976 3466 oris
1005 3403 1036 3462 iri
1062 3402 1159 3468 medio
1181 3403 1322 3468 telillente
1370 3413 1439 3466 &ut
1451 3407 1590 3470 velocitas
1608 3408 1818 3486 quiquantitas
1834 3411 1884 3470 illa
1896 3410 1976 3472 fluidi
1989 3431 2055 3472 mo·

584 3539 586 3542 .
638 3485 711 3546 moti
740 3486 878 3546 velocitas
902 3427 980 3541 inita
1002 3499 1051 3558 pet
1074 3477 1192 3558 spatium
1216 3479 1323 3542 infinite
1369 3483 1664 3618 veturconp'undlim,
1692 3491 1718 3542 dt
1741 3487 1886 3562 quantitas
1900 3487 1978 3546 iluidi
2000 3489 2055 3549 da·

638 3580 772 3637 parvum,
792 3579 876 3638 atque
890 3559 978 3618 etiarn
1001 3553 1251 3688 ternpore-infinite*
1264 3576 1324 3634 pat·
1347 3576 1401 3626 ‚to
1418 3576 1515 3637 tempu
1530 3560 1597 3618 culo
1623 3561 1791 3622 dimovenda
1813 3562 1963 3624 velocitati
1985 3583 2055 3623 mo·

638 3655 675 3694 vo
693 3637 838 3714 aequabilis
857 3631 968 3695 censeri
991 3641 1069 3708 potet
1091 3629 1258 3716 ,neglecto
1279 3632 1325 3689 ni-
1367 3633 1432 3693 bilis
1449 3635 1672 3713 proportionalis
1692 3637 1750 3705 eli,
1782 3655 1886 3718 corpus
1902 3639 1979 3698 enim
1997 3637 2053 3708 du-

638 3709 749 3774 mitum
774 3709 885 3774 infinite,
908 3726 995 3788 parvo
1025 3706 1190 3764 velocitatis
1221 3705 1326 3768 decre·
1367 3712 1417 3797 plo
1438 3710 1564 3769 velocius
1583 3711 1694 3780 altero,
1713 3713 1800 3789 duplo
1822 3715 1912 3791 majus
1933 3713 1951 3771 s
1964 3715 2054 3774 atium

638 3805 747 3847 mento.
1156 3794 1173 3826 ⁸
1370 3807 1400 3844 in
1420 3783 1507 3844 liuido
1527 3803 1682 3865 percurret,
1704 3785 1797 3864 licque
1814 3787 1902 3864 duplo
1944 3733 2053 3848 iuribus

664 3884 692 3932 7.
705 3867 771 3934 Just
782 3856 1211 3942 vetdreiistentiacorporumin
1223 3857 1325 3924 fluidis,
1370 3859 1517 3938 particulis
1531 3879 1673 3922 occurret.
1704 3861 1805 3936 Quare
1825 3863 1892 3924 dati
1915 3809 2054 3926 tiinlitate

637 3939 746 4000 ceterisv
759 3938 884 4015 par-ibus,
898 3934 988 3995 oritur
999 3951 1099 4010 partim
1114 3950 1148 3989 ex
1160 3931 1326 4002 tenacitate,
1370 3934 1477 4005 medii,
1508 3937 1659 3997 resistentia
1676 3938 1715 3997 ell
1735 3956 1765 3996 ut
1785 3941 1953 4016 quadratum
1973 3939 2051 4004 cele-

637 4014 739 4101 pariim
754 4033 787 4072 ex
799 4011 944 4078 frictione,
968 4015 994 4068 dt
1015 4006 1117 4096 partim
1134 4008 1326 4071 extractione
1368 4010 1460 4070 ritatis
1482 4012 1617 4074 mobilis.
1636 4033 1722 4090 atque
1741 4015 1814 4074 aded
1834 4014 1852 4074 fi
1872 4035 1965 4104 neque
1986 4015 2054 4075 flui-

606 4101 611 4110 ’
637 4109 757 4167 partium
772 4085 1000 4162 niedii„tresque
1011 4091 1073 4141 lunt
1083 4082 1258 4144 celebriores
1267 4083 1324 4144 cir·
1369 4086 1398 4145 di
1417 4087 1554 4156 denfitas,
1580 4107 1672 4166 neque
1695 4089 1811 4149 mobilis
1833 4093 1966 4154 celeritas
1985 4091 2058 4156 dato

635 4168 673 4224 cd
687 4165 767 4240 hujus
782 4163 939 4222 resistentia
952 4163 1047 4238 legem
1061 4157 1245 4244 hypotheses,
1258 4180 1324 4238 qua·
1370 4161 1420 4230 sit,
1450 4164 1506 4224 etit
1530 4163 1682 4226 resistentia
1712 4183 1742 4224 ut
1766 4165 1852 4228 medii
1878 4165 1996 4229 denfitas
2023 4171 2053 4226 dt

634 4259 697 4298 rum
709 4235 1324 4309 MathettiaticascotisequenttasNewtonus
1370 4238 1535 4313 quadratum
1559 4239 1721 4299 velocitatis
1752 4242 1946 4320 conjunctim,
1964 4261 2052 4320 atque

633 4313 692 4378 hoc
707 4316 783 4376 libro
794 4313 920 4392 exponit.
957 4327 995 4371 rt.
1018 4308 1192 4388 Hypothesis
1205 4309 1326 4372 resisten·
1369 4313 1429 4372 hac
1443 4317 1482 4374 est
1494 4313 1646 4376 refistentia
1659 4335 1718 4392 quae
1733 4335 1828 4377 ortum
1840 4319 1918 4378 ducit
1931 4322 1965 4379 ab
1976 4319 2054 4378 iner-

633 4391 703 4450 tiam
716 4391 797 4524 ponit
815 4387 965 4450 velocitati
979 4386 1110 4474 corpori-s
1127 4384 1186 4444 dati
1201 4405 1323 4464 propot·
1370 4388 1409 4445 tid
1430 4391 1629 4468 particularum
1641 4391 1720 4449 fluidi
1736 4411 1805 4478 quas
1820 4415 1923 4482 corpus
1940 4413 2057 4454 motum

633 4465 711 4525 riona
728 4485 794 4533 em,
815 4465 934 4524 secunda
951 4465 1115 4522 velocitatis
1126 4461 1324 4536 quadratos&
1352 4463 1384 4521 ‘c'
1402 4463 1471 4526 loco
1485 4467 1648 4526 dimovet&
1667 4486 1727 4525 tuae
1742 4487 1770 4526 tn
1789 4467 1981 4532 velocroribus
1992 4487 2053 4530 ruo,

629 4539 718 4602 tertia
739 4539 838 4618 partittr
860 4536 1037 4604 velocitati,
1070 4540 1096 4594 dt
1119 4535 1221 4614 partim
1242 4539 1324 4598 velo·
1368 4536 1441 4600 tibus
1463 4542 1525 4602 sola
1546 4543 1604 4604 lere
1626 4487 1799 4604 oblinatur.

626 4615 723 4696 sirau
750 4617 899 4702 curuato,
947 4619 1090 4692 ltaertttt
1119 4611 1183 4688 tivit
1203 4612 1319 4697 vexpetit.
1403 4637 1433 4699 ει,
1473 4618 1576 4696 Altera
1596 4615 1826 4704 reciteturque
1845 4639 1880 4687 eir
1897 4625 2057 4779 tenacitpp

1990 4721 2014 4789 Β
2058 4738 2066 4746 .
