4256 5678
385 455 718 544 structura
779 459 1248 549 Marianas-rea.
1460 493 1535 572 329

105 603 191 708 33,
221 593 475 688 describentes
510 595 750 687 altitudinem
796 595 939 712 pedum
977 600 1200 716 quindecim
1240 619 1282 691 dt
1324 599 1535 721 digitorum
1561 610 1720 745 5¹⁴¹st

106 717 285 810 duorum.
1561 701 1722 822 ssclusltl.

167 865 240 946 Pet
276 857 465 942 theoriam
499 853 636 944 cadere
687 853 901 948 debuerunt
938 884 1115 976 ternpore
1160 864 1440 950 oscillationum
1483 897 1534 964 29
1562 841 1682 972 {2⁰³

107 977 415 1092 quamproxime.
1563 992 1680 1047 mg

170 1123 303 1237 Exper.
347 1137 385 1208 6.
463 1117 583 1208 Globi
622 1124 793 1232 quinque
829 1109 1001 1230 pondere
1039 1127 1142 1225 212}
1170 1146 1281 1230 gran.
1313 1128 1352 1206 in
1377 1152 1464 1204 aere
1498 1139 1539 1211 δε
1564 1063 1622 1121 η’

112 1251 193 1348 79-ξ-
216 1250 269 1329 in
286 1242 385 1352 aquai
413 1239 507 1351 saepe
533 1233 707 1336 derniffi,
738 1233 928 1322 cadebant
958 1257 1135 1346 ternpore
1160 1236 1440 1348 oscillationum
1475 1273 1539 1349 15,

115 1364 211 1464 15},
247 1374 319 1457 16,
357 1386 406 1464 17
438 1368 478 1440 tc
517 1369 593 1453 18,
634 1350 887 1440 describentes
921 1349 1165 1440 altitudinem
1197 1356 1342 1469 pedum
1382 1358 1541 1470 quinde-

111 1485 192 1561 cim
223 1490 265 1566 aa
297 1471 508 1588 digitorum
546 1469 724 1559 duorum.

168 1634 243 1714 Per
283 1631 471 1712 theoriam
515 1623 652 1710 eadere
692 1623 904 1711 debuerunt
947 1643 1124 1734 tempore
1160 1625 1441 1714 oscillationum
1488 1656 1536 1736 15

111 1747 417 1860 quamproxime.

172 1893 307 2008 Exper.
334 1899 377 1996 '7.
441 1889 561 1973 Globi
584 1913 748 2000 quatuor
777 1883 948 2000 pondere
974 1903 1079 1998 293}
1102 1915 1212 2001 gran.
1238 1896 1446 1976 inacte&
1469 1901 1543 1998 35}

108 2039 219 2122 gran.
243 2022 282 2095 in
308 2010 410 2120 aquai
425 2007 519 2119 sepe
541 2003 708 2106 demissi,
732 2002 923 2090 cadebant
943 2030 1118 2119 ternpore
1143 2008 1423 2095 oscillationum
1446 2020 1537 2112 29-2,

120 2158 197 2234 30,
231 2134 322 2233 30},
358 2155 432 2230 31,
472 2157 520 2230 32
542 2138 582 2210 δι
610 2153 682 2232 33,
711 2121 965 2209 describentes
987 2123 1231 2212 altitudinem
1261 2121 1405 2240 pedum
1425 2135 1542 2240 ,quiu-

114 2243 244 2331 decim
273 2259 313 2330 bt
346 2241 457 2356 digiti
489 2253 598 2328 trusus
630 2271 719 2326 oum
751 2237 904 2326 semisse.
1538 2247 1557 2278 '⁸

171 2399 244 2478 Pet
281 2391 485 2478 theoriam¹
513 2385 652 2472 eadere
696 2385 911 2474 debuerunt
952 2413 1131 2504 ternpore
1171 2389 1449 2474 oscillationum
1487 2401 1536 2478 28

113 2509 418 2630 quamproximd.
1195 2577 1198 2582 .

172 2629 334 2715 Causam
357 2622 619 2738 investigando
641 2653 709 2707 cut
741 2624 970 2736 globorum,
1001 2621 1169 2732 ejusdcm
1195 2621 1374 2736 ponderis
1397 2637 1439 2709 δι
1461 2653 1541 2708 rna·

88 2777 91 2800 ³
110 2746 348 2861 gnitudinis,
381 2748 496 2854 aliqui
537 2755 648 2828 eitius
692 2746 756 2824 ulii
797 2738 938 2826 tardius
972 2739 1177 2836 caderent,
1222 2751 1261 2826 in
1303 2745 1404 2826 hanc
1447 2749 1540 2825 inci·

112 2864 183 2952 di;
217 2863 321 2976 quod
352 2862 459 2976 globi
490 2862 555 2945 ubi
587 2872 755 2974 primum
786 2858 1087 2945 demittebantur
1127 2873 1167 2944 δι
1202 2857 1341 2944 eadere
1374 2869 1538 2970 incipie-

112 2985 229 3080 bant,
258 2983 473 3064 oscillarent
510 2991 658 3062 circum
686 3005 842 3074 centra,
873 2982 992 3064 latere
1024 2979 1091 3059 illo
1124 2976 1231 3090 quod
1262 2977 1361 3060 forte
1390 2985 1539 3090 gravius

98 3096 204 3182 -eslet
242 3111 406 3210 primum
438 3093 720 3191 descendente,
754 3109 794 3178 bt
823 3123 974 3181 motum
1007 3095 1279 3180 oscillatorium
1315 3121 1535 3207 generante.

114 3225 221 3303 Nam
257 3249 322 3326 per
355 3217 608 3298 oscillationes
640 3216 718 3296 suas
749 3215 885 3324 globus
919 3219 1105 3320 majorem
1141 3241 1293 3298 motum
1324 3221 1539 3297 communi.
1658 3269 1660 3272 -

116 3361 181 3418 car
217 3365 343 3444 aquae,
386 3357 503 3442 quam
534 3335 560 3414 st
588 3335 666 3414 fine
709 3332 1002 3414 oscillationibus
1041 3326 1305 3421 descenderetr
1354 3347 1394 3416 dc
1432 3359 1539 3413 com-

120 3449 391 3560 rnunieando,
439 3457 581 3533 amittit
619 3471 767 3558 partem
816 3473 942 3530 motus
992 3457 1135 3560 proprii
1188 3479 1271 3560 quo
1311 3446 1539 3532 descendere

120 3570 296 3653 deberet:
328 3583 366 3654 δι
399 3599 468 3678 pto
500 3571 645 3670 maiore
680 3569 742 3648 vel
768 3572 918 3649 minore
943 3567 1201 3664 oscillatione,
1232 3576 1351 3679 magis
1378 3573 1437 3648 vel
1467 3567 1561 3650 mi?

116 3718 187 3776 nus
221 3684 443 3769 retardatur.
516 3688 743 3792 Quinetiam
778 3684 914 3794 globus
947 3680 1083 3766 recidit
1106 3682 1249 3796 semper
1278 3690 1299 3770 *a
1326 3689 1446 3769 latere
1472 3685 1538 3766 suo

117 3802 224 3920 quod
244 3834 310 3916 per
332 3807 606 3886 oscillationem
631 3795 841 3898 descendit,
873 3811 913 3885 dt
939 3797 1159 3884 recedendo
1177 3812 1457 3918 appropinquat
1485 3811 1536 3886 la·

116 3925 260 4008 teribus
287 3926 380 4006 valis
405 3935 445 4006 dc
475 3933 515 4004 in
549 3925 666 4006 latera
692 3947 969 4030 nonnunquam
999 3927 1233 4033 impingitur.
1293 3925 1342 4004 Et
1371 3923 1452 4004 haec
1482 3920 1538 4002 os·

118 4048 261 4127 oillatio
301 4047 341 4124 in
372 4040 496 4151 globis
526 4039 761 4151 gravioribus
786 4037 921 4123 sortior
959 4044 1031 4136 est,
1074 4047 1114 4122 in
1145 4040 1351 4142 majoribus
1398 4069 1539 4150 aquam

119 4167 240 4269 magis
270 4168 414 4270 agitat.
478 4157 743 4270 Quipropter,
775 4179 819 4240 ut
849 4158 1032 4239 oscillatio
1063 4158 1270 4270 globorum
1298 4167 1429 4240 minor
1454 4155 1538 4239 red-
1621 4249 1623 4254 ¹

119 4276 291 4373 detetur,
320 4276 457 4387 globos
490 4303 615 4360 novos
644 4303 691 4357 ex
720 4276 806 4358 ceri
836 4287 877 4358 δι
909 4273 1069 4386 plumbo
1098 4283 1310 4373 construxi,
1341 4272 1538 4388 infigendo

121 4393 321 4506 plumbum
352 4403 391 4476 in
416 4400 513 4478 latus
539 4388 696 4504 aliquod
721 4391 828 4504 globi
854 4419 972 4504 prope
1002 4391 1240 4502 superficiem
1269 4399 1366 4504 ejus;
1396 4407 1436 4478 &
1461 4397 1544 4507 glo.

121 4515 215 4596 bum
241 4523 293 4595 ita
324 4509 475 4606 demisi,
507 4535 550 4593 ut
583 4514 679 4594 latus
705 4517 878 4622 gravius,
910 4504 1039 4620 quoad
1064 4513 1146 4594 steti
1171 4519 1314 4622 potuit,
1345 4511 1434 4596 esset
1462 4515 1545 4594 infi·

119 4659 230 4717 mum
260 4629 307 4713 ab
334 4637 446 4713 initio
469 4625 674 4719 descensus.
736 4631 799 4714 Sic
820 4625 1074 4714 oscillationes
1100 4629 1206 4716 rana
1227 4629 1311 4718 suut
1329 4633 1454 4715 multo
1474 4638 1544 4709 mi-

209 4747 310 4834 Trm.
371 4747 445 4832 ΙΙ.
946 4747 1035 4829 Tr
1429 4769 1543 4833 notes
