4282 5674
391 433 713 550 [intuertur
772 431 1233 523 Mxrurunrrcx.
1435 469 1520 548 245

98 602 245 712 argenti
282 601 359 678 vivi
402 599 691 682 incitatione
724 590 773 676 ad
806 593 1049 676 resrstentiam
1083 625 1217 708 aquae,
1249 624 1365 708 quam
1407 599 1525 686 habet
1571 605 1696 667 tran

98 740 277 804 uumerus
310 745 354 794 ιι
388 719 449 796 vel
481 745 528 798 10
558 711 605 798 ad
642 744 655 798 1
688 719 851 796 circiter.
913 706 987 793 Sed
1015 724 1279 822 experimento
1305 725 1421 826 priori
1446 681 1707 816 ma.·{{{‘,'⁸¹}}1

99 846 155 950 gis
187 827 384 914 fidendum
412 837 481 930 est,
513 856 712 944 propterea
747 823 852 939 quod
882 834 923 909 in
967 827 1023 908 his
1054 834 1198 914 ultimis
1227 863 1290 913 vas
1323 845 1434 918 nimis
1459 865 1522 917 an·
1552 834 1705 966 ffl'i'

100 957 247 1066 gustum
278 947 346 1032 suit
383 978 456 1057 pro·
482 947 745 1061 magnitudine
774 944 880 1060 globi
915 948 1091 1031 immersi.
1158 952 1709 1063 Ampliatoglobo‚ru10'n.

102 1070 259 1152 deberet
290 1073 407 1147 etiam
443 1097 510 1148 vas·
538 1072 721 1180 ampliari.
798 1065 1077 1147 constitueram
1116 1063 1273 1177 quidem
1310 1067 1525 1174 hujusmodi
1552 1059 1659 1118 XXV·

101 1191 361 1296 experimenta
389 1191 426 1264 in
458 1189 547 1267 vasrs
574 1183 779 1289 majoribus
807 1193 847 1264 δι
870 1187 910 1261 in
935 1182 1146 1290 liquoribus
1172 1209 1254 1266 tum
1282 1191 1527 1271 metallorum

104 1304 295 1406 susorum,
328 1323 407 1383 tum
439 1306 518 1420 aliis
540 1298 763 1414 quibusdam
795 1321 874 1380 tam
899 1294 1030 1378 calidis
1057 1328 1174 1409 quam
1201 1300 1344 1414 frigidis
1377 1331 1528 1416 repete-

103 1451 166 1504 re:
198 1414 260 1500 sed
284 1429 415 1500 omnia
438 1428 598 1532 experiri
633 1448 712 1502 non
746 1411 885 1512 vacat,¹
906 1427 947 1498 δι
977 1445 1023 1497 ex
1046 1422 1123 1523 jam
1153 1415 1344 1530 descriptis
1372 1423 1454 1505 statis
1487 1426 1530 1504 li.

103 1561 197 1648 quet
216 1537 457 1620 relistentiam
481 1566 687 1653 corporum
710 1538 884 1618 celeriter
906 1560 1104 1618 mororum
1127 1531 1298 1619 dcnfitati
1320 1535 1526 1623 fluidorum

102 1665 140 1738 in
170 1653 309 1762 quibus
337 1679 540 1740 moventur
577 1654 901 1765 proportionalem
936 1643 1007 1730 elle
1036 1681 1152 1761 quarn
1186 1658 1368 1762 proxime.
1431 1660 1528 1742 Non

104 1771 194 1854 dico
237 1773 424 1854 accurate.
496 1775 601 1858 Nam
633 1769 748 1854 fluida
780 1774 1001 1864 tenaciora,
1033 1777 1112 1878 pari
1140 1765 1347 1869 deuitare,
1380 1779 1530 1882 procul.

104 1887 225 1972 dubio
251 1897 370 1998 magis
394 1892 560 1976 refilium
587 1893 704 1999 quim
720 1881 945 1996 liquidiora,
977 1909 1018 1966 ut
1052 1890 1180 1970 oleum
1205 1886 1386 2000 frigidum
1412 1921 1530 2002 quam

104 2002 295 2101 calidum,
326 2004 493 2089 calidum
519 2011 632 2119 quim
658 2035 756 2116 aqua
779 2003 968 2114 pluvialis,
1000 2031 1097 2112 aqua
1125 2007 1240 2113 quim
1261 2004 1413 2118 ¹spiritus
1439 2019 1529 2094 vini.

10 2225 11 2232 Ν
105 2131 253 2208 Verum
282 2131 321 2204 in
351 2125 579 2231 liquoribus,
616 2131 681 2236 qui
706 2117 755 2204 ad
782 2111 924 2203 sensdm
951 2117 1035 2200 stris
1064 2119 1168 2203 lluidi
1198 2121 1304 2222 sunt,
1338 2150 1379 2208 ut
1406 2135 1446 2210 in
1470 2157 1530 2210 ae-

103 2272 166 2338 re,
200 2250 238 2323 in
269 2244 366 2349 aqui
401 2243 461 2324 seu
484 2240 585 2326 dulci
616 2243 676 2326 scu
704 2241 818 2335 salsi,¹
845 2245 883 2318 in
911 2236 1093 2344 spiritibus
1121 2247 1221 2336 vini,
1253 2243 1459 2328 terebinthi
1490 2257 1531 2328 δι

103 2358 255 2454 silium,
288 2365 325 2438 in
350 2362 437 2440 oleo
459 2363 479 2440 ὲ
504 2359 656 2444 saecrbus
683 2386 749 2466 per
775 2353 1063 2436 destillationem
1088 2356 1310 2442 liberato&
1334 2363 1530 2458 culefuilm
1600 2357 1602 2367 ’

103 2481 274 2584 oleoque
302 2483 441 2559 vitrioli
474 2491 514 2560 &
546 2487 760 2571 mercurio,
798 2499 844 2554 ac
871 2477 1030 2552 metallis
1067 2473 1296 2581 liquesastis,
1332 2489 1373 2560 δι
1408 2481 1529 2590 liqui

103 2597 179 2678 smt
205 2596 286 2688 alii,
321 2601 386 2700 qui
406 2619 485 2676 tam
507 2592 614 2678 fluidi
638 2593 721 2676 sunt
744 2597 846 2673 utin
875 2589 965 2667 varis
989 2596 1117 2697 agitari
1141 2615 1290 2672 motum
1316 2591 1530 2702 impressum

104 2707 248 2796 diutius
279 2709 522 2808 conservent,
555 2708 734 2822 effusique
766 2705 958 2790 liberrimi
980 2711 1018 2785 in
1042 2731 1167 2814 guttas
1198 2703 1437 2792 decurrendo
1468 2741 1531 2792 re·

107 2834 321 2922 solvantur,
352 2833 473 2914 nullus
505 2824 640 2912 dubito
667 2835 760 2936 quin
788 2825 915 2934 regula
949 2826 1058 2905 allata
1100 2825 1182 2906 satis
1220 2829 1395 2910 accurate
1431 2831 1530 2912 obti-

106 2971 217 3031 neatr
247 2941 450 3054 praesertim
482 2949 508 3028 sr
535 2954 793 3057 experimenta
816 2949 858 3024 in
887 2940 1113 3052 corporibus
1143 2938 1380 3053 pendulis&
1405 2949 1528 3053 majo·-

106 3062 212 3146 tibus
240 3075 280 3145 δι
310 3069 477 3147 velocius
505 3074 620 3146 motis
646 3068 899 3146 instituanturr
1008 3101 1011 3108 ·
1456 3151 1459 3154 ,

173 3184 354 3291 Denique
373 3210 461 3264 cum
484 3186 758 3266 nnonullorum
778 3187 910 3291 opinio
934 3177 997 3274 srt,
1015 3171 1186 3259 medium
1204 3173 1401 3287 quoddam
1420 3183 1530 3265 aetlre.

107 3326 216 3382 reum
248 3309 289 3380 δι
315 3302 427 3410 longe
456 3299 726 3383 subtilissimum
756 3322 903 3392 extare,
936 3291 1043 3404 quod
1073 3324 1206 3378 omnes
1235 3305 1411 3381 omnium
1444 3328 1527 3381 cor.

109 3443 248 3524 porum
277 3443 391 3522 poros
423 3432 463 3500 tc
491 3439 636 3500 meatus
664 3415 855 3497 liberrime
887 3436 1082 3520 permeet;
1113 3415 1220 3496 itali
1246 3440 1375 3497 autem
1400 3412 1530 3498 medio

95 3560 176 3642 per
211 3558 416 3642 corporum
448 3562 562 3646 poros
596 3538 737 3616 fluente
772 3533 970 3612 resrstentia
1009 3535 1100 3609 oriri
1134 3524 1298 3614 debeat:
1340 3555 1382 3614 ut
1408 3556 1529 3618 tenta·
1585 3629 1586 3634 Ν

104 3675 190 3730 rem
206 3677 254 3730 an
281 3653 502 3746 resistentia,
534 3680 649 3762 quam
667 3661 704 3733 in
724 3655 839 3728 motis
867 3645 1089 3755 corporibus
1111 3657 1351 3756 experimur,
1383 3673 1465 3732 tora
1489 3654 1537 3734 srt

107 3776 149 3850 in
167 3795 302 3850 eorum
334 3772 487 3850 externi
517 3771 730 3879 superficie,
762 3794 810 3846 an
829 3791 921 3844 veto
954 3786 1076 3871 partes
1108 3774 1223 3847 etiam
1250 3775 1407 3850 internae
1426 3775 1463 3850 in
1482 3769 1547 3850 suo--

107 3887 335 3995 perficiebus
353 3894 511 3998 propriis
537 3889 777 3970 resistentiam
801 3879 1009 3964 notabilem
1025 3881 1205 3981 sentiant,
1237 3892 1450 3996 excogitavi
1470 3917 1543 3967 ex-·

108 4011 364 4112 perimentum
382 4010 469 4088 tale.
531 4007 612 4086 Filo
628 3998 767 4113 pedum
786 3994 967 4080 undecim
983 3999 1230 4107 longitudinis
1252 4004 1299 4084 ab
1323 4031 1423 4084 unco
1448 4005 1537 4086 cha·

105 4119 221 4221 lybeo
244 4123 327 4205 saris
355 4120 715 4221 firmo,·mediante
736 4121 875 4201 annulo
908 4117 1111 4220 chalybeo,
1142 4117 1410 4228 suspendebam
1432 4129 1534 4229 pyxi-

108 4233 199 4317 dem
228 4243 430 4351 abiegnam
466 4234 690 4334 rotundam,
722 4234 771 4319 ad
798 4233 1112 4316 constituendum.
1134 4235 1342 4345 pendulum
1374 4243 1538 4349 longitu-

108 4349 217 4434 dinis,
244 4356 438 4464 praedruae.
513 4361 652 4443 Uncus
691 4356 828 4438 sursum
867 4375 1073 4459 praeacutus
1107 4379 1187 4436 erat
1227 4364 1309 4436 acie
1341 4359 1549 4454 concavi,

109 4493 152 4570 ut
178 4477 334 4558 annulus
359 4506 448 4559 arcu
473 4477 537 4560 suo
572 4477 759 4586 superiore
791 4476 884 4552 aciei
930 4481 1092 4553 annixus
1130 4472 1320 4555 liberrime
1366 4503 1540 4555 movere-

106 4611 189 4670 ων..
240 4597 357 4677 Arcui
386 4619 515 4678 autem
545 4595 719 4678 inferiori
756 4587 1027 4682 anneciebatur
1058 4593 1178 4675 filum.
1239 4587 1457 4676 Pendulum
1485 4601 1539 4672 ita

836 4735 886 4816 H.
910 4735 937 4820 lr
1001 4763 1017 4836 3
1447 4761 1553 4815 nour
