4408 5668
580 477 667 556 προ
872 447 1291 542 l’rtrrosorrrr'a
1353 445 1695 537 N'rrun'arri

391 595 551 661 bertum
578 597 647 678 ἃο
670 596 804 702 utique
828 599 1095 704 experimento
1126 597 1253 673 inveni
1283 583 1411 699 qnod,
1443 590 1469 669 fi
1505 580 1668 668 altitudo
1700 615 1807 698 aquae
1834 587 2011 705 slagntn.

391 676 506 820 5de
517 695 554 736 θ’
579 723 628 798 tis
665 708 773 820 supra
817 707 990 792 foramen
1031 704 1122 790 esset
1155 715 1288 819 viginti
1321 703 1530 816 digitorum
1567 717 1607 786 lic
1645 703 1808 788 altitudo
1845 709 2012 794 forami-

577 840 636 919 nis
664 825 771 937 supra
796 831 952 940 planum
981 826 1174 910 horizonti
1212 827 1431 936 parallelum
1463 816 1554 904 eslet
1583 849 1740 932 quoque
1777 836 1911 939 viginti
1947 826 2014 910 di-

577 959 773 1062 gitorum,
809 975 907 1028 vena
936 973 1044 1053 aquae
1087 947 1313 1056 prosilientis
1343 936 1533 1023 incideret
1561 947 1601 1020 in
1639 945 1794 1049 planum
1828 942 1922 1026 illud
1961 942 2016 1027 ad

510 1025 544 1087 ⁶
577 1063 791 1149 distantiam
816 1060 1027 1174 dIgitorum
1060 1089 1110 1164 37
1134 1071 1286 1144 circiter
1310 1064 1331 1139 a
1356 1051 1630 1169 perpendiculo
1655 1055 1764 1168 quod
1787 1069 1827 1144 in
1851 1067 2013 1172 planum

575 1177 671 1268 illud
706 1184 728 1262 a
768 1181 955 1264 foramine
989 1175 1263 1261 demittebatur
1292 1201 1455 1286 captam.
1530 1179 1635 1257 Nam
1676 1179 1753 1259 fine
1786 1183 2015 1279 resistentia,

574 1329 675 1384 vena
708 1306 791 1396 (²)
829 1294 997 1382 incidere
1030 1292 1213 1378 debuisset
1244 1305 1283 1377 in
1312 1296 1470 1404 planum
1495 1287 1590 1373 illud
1625 1288 1674 1374 ad
1703 1291 1917 1382 distantiam
1949 1293 2016 1380 di-

575 1427 746 1531 gitorum
782 1444 865 1515 40,
910 1417 1091 1500 existente
1132 1441 1240 1499 uenae
1280 1409 1506 1530 parabolicae
1544 1414 1664 1494 latere
1705 1419 1813 1498 resto
1860 1411 2011 1529 digito-

576 1563 664 1624 rum
703 1547 767 1623 80.

636 1649 718 1762 Cas.
750 1681 791 1747 4.
851 1657 1081 1754 Quinetiam·
1108 1681 1207 1763 aqua
1235 1651 1415 1745 effluens,
1446 1648 1478 1728 sr‘
1508 1643 1647 1733 sursum
1680 1649 1841 1747 frarann,
1874 1647 2017 1736 eidem

575 1765 767 1880 egreditur
802 1800 891 1853 curn
924 1775 1139 1852 velocitate.
1214 1763 1394 1852 Ascendit
1419 1774 1529 1847 enim
1557 1799 1665 1877 aquae
1697 1771 1884 1852 exilientis
1912 1801 2014 1855 vena

574 1915 691 1996 parva
718 1911 827 1969 motu
863 1885 1165 2000 perpendiculari
1201 1883 1251 1968 ad
1287 1914 1394 1996 aquae
1423 1884 1577 1966 invase
1608 1890 1810 1994 stagnantis
1839 1886 2016 1972 altitudi-
2200 1983 2201 1986 g

577 2033 676 2090 trem·
706 2005 798 2086 GH
827 2010 887 2087 vel
920 2004 1007 2104 Gl,
1040 2006 1106 2087 nist
1134 2005 1319 2112 quatenus
1346 2001 1511 2082 ascensus
1538 2005 1616 2104 ejus
1640 2005 1688 2085 ab
1716 2011 1812 2084 actis
1836 2009 2012 2091 resisten-

578 2125 631 2213 tii
660 2125 936 2234 aliquantulum
967 2117 1221 2232 impediaturr
1252 2126 1293 2219 (²)
1318 2147 1363 2200 ac
1383 2113 1545 2226 proinde
1577 2121 1620 2200 ei
1639 2123 1760 2204 effluit
1790 2151 1879 2204 cunr
1909 2127 2019 2221 uelo.

580 2247 698 2323 citare
723 2270 838 2349 quam
864 2240 911 2324 ab
946 2235 1146 2322 altitudine
1174 2240 1238 2324 illa
1272 2229 1449 2320 cadendo
1483 2243 1679 2344 acquirere
1708 2237 1895 2347 potuillet.
1959 2249 2017 2325 A·

580 2384 666 2468 qua:
699 2353 899 2470 stagnantis
926 2360 1107 2467 particula
1136 2383 1371 2466 unaquaeque
1398 2350 1568 2462 undique
1605 2363 1791 2466 premitur
1820 2363 2018 2467 aequaliter

587 2483 679 2584 (pet
704 2504 812 2591 prop.
840 2505 929 2560 xtx.
960 2475 1025 2558 lib.
1059 2479 1116 2566 2.)
1151 2485 1190 2556 δε
1216 2473 1391 2582 preslroni
1424 2466 1601 2552 cedendo
1632 2478 1770 2582 aquali
1797 2481 1944 2583 lmperu
1975 2484 2020 2558 in

585 2620 724 2680 omnes
752 2622 875 2704 partes
908 2589 1025 2675 fertur
1040 2653 1058 2689 ,,
1083 2594 1159 2672 srvc
1193 2585 1396 2675 destendat
1425 2614 1493 2697 per
1527 2587 1709 2670 foramen·
1731 2599 1770 2672 in
1805 2589 1926 2673 fundo
1953 2623 2022 2676 va·
2202 2665 2203 2670 a

586 2711 656 2806 sas,
686 2713 761 2791 five
791 2713 1081 2800 horizontaliter
1120 2709 1249 2792 effluat
1281 2731 1345 2816 per
1390 2733 1547 2786 oramen
1580 2712 1619 2786 in
1648 2709 1733 2808 ejus.
1758 2713 1897 2805 latere,
1937 2713 2019 2794 five

586 2821 800 2934 egrediatur
823 2835 862 2907 in
894 2829 1068 2913 canalem
1092 2836 1132 2908 δι
1158 2819 1249 2912 inde
1277 2819 1452 2904 ascendat
1483 2851 1548 2931 per
1578 2823 1753 2908 foramen
1784 2856 1943 2935 parvum
1974 2839 2018 2912 in

587 2941 777 3052 superiore
805 2945 951 3036 canalis
970 2967 1076 3050 parte
1101 2941 1255 3026 fadum,
1317 2944 1366 3022 Et
1395 2943 1641 3024 velocitatem
1669 2946 1744 3050 qui
1767 2973 1868 3052 aqua
1893 2949 2021 3030 effluit

588 3087 675 3144 eam
704 3055 797 3156 elle,
846 3087 962 3172 quam
993 3067 1032 3142 ln
1062 3060 1133 3141 hac
1161 3060 1421 3168 propofitione
1454 3058 1746 3166 afflgnavimus,.
1782 3089 1862 3145 non
1891 3063 2018 3149 solum

589 3185 737 3257 ratione
761 3180 972 3288 colligitur,
1004 3171 1210 3264 sedetiam
1237 3205 1305 3293 per
1334 3183 1596 3287 experimenta
1621 3179 1915 3286 nordmaniam
1947 3179 2018 3268 de-

589 3289 722 3402 scripta
749 3295 988 3380 manifestum
1018 3303 1082 3377 est.
1399 3287 1404 3294 ’

650 3407 731 3522 Cas.
770 3439 802 3517 5.
863 3409 1017 3501 Eadem.
1042 3417 1095 3495 est
1132 3440 1239 3522 aquae
1275 3411 1461 3496 effluentia
1492 3416 1675 3493 velocitas
1700 3415 1775 3494 li've
1802 3417 1922 3526 figura
1953 3416 2016 3498 fo-

590 3538 756 3613 raminis.
772 3531 816 3613 stt
840 3533 1031 3614 clrcularis
1059 3532 1135 3611 five
1158 3525 1341 3641 quadrata
1371 3533 1432 3610 uel
1458 3535 1692 3639 triangularis
1720 3557 1786 3613 aut
1815 3537 1886 3616 alia
1913 3564 2017 3644 quae.

460 3687 464 3698 ·
590 3675 744 3758 cunque
771 3652 944 3732 circulari
981 3650 1145 3757 aequalis.
1219 3655 1324 3732 Nam
1352 3650 1536 3730 velocitas
1578 3677 1685 3758 aquae
1716 3651 1905 3734 effluentis
1933 3682 2019 3738 non

589 3761 735 3880 pendet
764 3768 929 3879 *afigurri
953 3763 1161 3862 foraminis,
1190 3762 1254 3854 sed
1276 3774 1396 3852 oritur
1419 3765 1475 3848 ab
1493 3769 1571 3871 ejus
1588 3765 1790 3853 altitudine
1820 3769 1917 3855 insta
1938 3777 2023 3885 pla-

589 3911 683 3980 num
713 3881 754 3962 K
772 3881 818 3966 L.
1957 3881 1960 3886 ’

651 3995 733 4114 Cafi
766 4019 803 4098 6,
863 4005 902 4096 Si
926 4003 1029 4092 valia
1048 3997 1228 4094 A'BDC
1242 4029 1328 4120 pars
1361 4001 1518 4090 inferior
1543 4010 1583 4089 in
1612 4032 1754 4120 aquam
1777 4009 2018 4120 stagnantem

1939 4159 2023 4214 un·

625 4385 702 4521 §ab
718 4465 725 4478 .
741 4389 767 4441 ὕ
785 4392 904 4481 Ipeidttp
919 4387 1046 4472 debuiffet
1062 4395 1094 4449 ln
1103 4391 1221 4525 plantem
1234 4389 1289 4477 'tr-¹.
1329 4403 1367 4450 te·
1386 4389 1448 4478 ill
1468 4389 1587 4480 oequalls'⁸
1607 4389 1711 4478 alil-l
1724 4388 1867 4479 estjdigis·
1889 4410 1934 4465 ⁴⁰·
1958 4389 2022 4452 dif-·

593 4463 1290 4622 :libabitis-{lsialiisifdlilllisj
1329 4465 1901 4622 iifl}trisitlntfflzlas‘tr
1916 4485 1964 4538 ⁴⁰·
1992 4471 2032 4528 ⁸⁶·

593 4615 1002 4696 estpatsquanalateristeffl
1017 4616 1291 4696 parabolaeDNL,
1368 4618 1427 4694 (a)
1467 4619 1489 4664 *
1507 4627 1548 4678 Ac
1564 4617 1676 4702 proinde*
1703 4617 1735 4676 ια’
1756 4617 1920 4703 affluitatem
1937 4620 2036 4682 vele·-

465 4695 467 4705 '
594 4710 678 4767 quarn
693 4713 765 4770 aqua
783 4691 838 4753 fine*
854 4693 1006 4755 refistential
1025 4693 1215 4762 describeret,
1236 4695 1287 4753 la--
1329 4701 1419 4764 ritate.
1458 4696 1533 4776 (μς,
1553 4694 1744 4772 rabba.)

596 4769 863 4848 insinuarentur
880 4769 922 4840 ,esi
936 4767 1021 4864 digia
1039 4773 1142 4851 βωλᾶς
1158 4768 1290 4845 ardinn-
