4282 5674
338 457 667 544 Prrncrm
726 457 1193 556 Mernrstrtrrer.
1411 469 1522 546 195v

67 593 129 683 do
154 627 263 684 arcus
293 601 378 685 CI)
410 608 470 686 vel
495 599 643 685 Crini
671 599 755 687 ΟΕ.
814 607 1033 714 Exponatur
1059 606 1116 683 uis
1142 601 1205 681 ills
1229 617 1296 705 per
1325 582 1491 672 eundem
1541 570 1671 672 ΠΜ,
1792 659 1801 670 .

68 743 232 806 arcums
264 733 304 804 δι
332 749 422 804 cum
450 721 648 804 refistentia
685 721 729 804 srt
754 743 797 804 ut
821 743 1066 805 momentum
1097 718 1294 825 temporis,
1325 703 1493 816 ideoque
1510 653 1604 786 {1¹3⁰
1606 667 1670 784 sss

68 830 209 933 detur,
238 861 450 948 exponatur
476 834 612 919 eadem
644 867 710 949 per
738 835 867 923 datam
891 866 1003 924 trous
1024 827 1209 941 cycloidis
1232 849 1378 940 partem
1400 821 1491 917 CO,
1511 804 1633 935 {W

69 963 113 1036 δι
155 952 321 1038 sumatur
357 983 465 1038 arcus
501 949 572 1036 Od
603 963 642 1036 in
676 965 825 1040 ratione
852 951 902 1040 ad
940 981 1073 1039 arcum
1111 951 1147 1032 C
1150 952 1193 1030 D
1226 972 1343 1058 quarn
1375 940 1490 1023 habet
1511 953 1661 1088 {ipsos

70 1098 185 1154 arcus
216 1071 293 1154 OB
320 1070 369 1154 ad
401 1101 534 1156 areum
569 1073 604 1152 C
609 1073 665 1152 ts:
694 1086 734 1158 &
768 1083 824 1157 vis
856 1074 932 1186 qui
969 1097 1108 1183 corpus
1146 1076 1185 1149 in
1217 1063 1242 1143 d
1272 1081 1425 1171 urgetur
1453 1066 1493 1140 in
1574 1075 1584 1103 ’

66 1185 207 1270 medio
236 1191 457 1289 resistente,
500 1219 589 1274 cum
624 1193 667 1273 srt
705 1186 869 1274 excelsus
909 1198 965 1273 vis
1005 1185 1071 1270 Cd
1110 1187 1217 1298 supra
1253 1180 1495 1262 resistentiam

72 1305 178 1402 CO,
209 1335 424 1414 exponetur
458 1337 525 1418 per
565 1335 696 1392 areum
739 1307 838 1408 Oti,
881 1304 1049 1416 ideoque
1081 1313 1153 1386 erit
1193 1295 1241 1384 ad
1278 1302 1378 1394 vim,
1419 1293 1495 1403 qui

67 1452 213 1536 corpus
247 1427 293 1504 D
317 1453 469 1538 urgetur
496 1434 536 1516 in
573 1423 704 1508 medio
740 1455 821 1513 non
855 1427 1044 1509 resistente
1081 1430 1120 1506 in
1152 1422 1242 1500 loco
1274 1415 1344 1510 D,
1374 1437 1417 1495 ut
1439 1436 1497 1491 ar·

69 1569 140 1625 eus
181 1542 258 1624 Od
299 1541 348 1628 ad
374 1571 505 1627 areum
535 1545 563 1624 C
578 1546 650 1652 D3
682 1555 724 1628 &
750 1569 950 1660 propterea
979 1547 1095 1628 etiam
1120 1547 1163 1626 in
1189 1541 1282 1622 loco
1311 1529 1344 1612 B
1369 1552 1412 1613 ut
1439 1552 1496 1609 ar·

73 3271 142 3328 cus
174 3240 249 3322 ΟΒ
280 3237 331 3322 ad
353 3269 485 3324 arcum
509 3239 589 3328 CB.
646 3233 822 3325 Proinde
849 3245 876 3326 sr
902 3270 1066 3353 corpora
1087 3239 1187 3340 duo,
1221 3243 1287 3340 D,
1316 3240 1501 3330 dexeattt

73 3361 125 3445 de
162 3365 251 3442 loco
283 3359 339 3454 B,
371 3372 411 3444 δι
437 3361 495 3442 his
521 3359 664 3442 viribus
689 3384 920 3470 urgeantur:
953 3389 1047 3442 cum·
1073 3372 1170 3443 vires
1197 3361 1261 3444 sub
1296 3371 1406 3445 initio
1430 3364 1501 3446 sint

75 3506 119 3564 ur
159 3508 266 3562 arcus
304 3478 339 3558 C
346 3474 377 3556 B
419 3489 459 3561 δι
504 3477 610 3566 085
647 3482 719 3578 (¹)
750 3500 863 3559 erunt
902 3481 1124 3560 velocitates
1156 3487 1286 3588 primae
1323 3494 1364 3566 δι
1392 3507 1500 3564 arcus

74 3593 469 3710 primo-d'escripti-in
494 3592 628 3679 eidem
655 3603 814 3680 ratione.
875 3599 996 3678 Sunro
1023 3623 1131 3680 arcus
1156 3601 1206 3679 illi
1233 3595 1339 3694 BD,
1362 3595 1501 3698 ulid,
1581 3621 1585 3632 ·

75 3745 185 3800 arcus
219 3721 353 3825 reliqui
386 3709 421 3792 C
428 3715 500 3810 D,
532 3711 748 3797 Oderunt
781 3721 820 3797 in
850 3710 985 3798 eidem
1019 3723 1178 3797 ratione.
1209 3759 1211 3766 ⁴
1240 3710 1409 3800 Proinde
1445 3723 1502 3800 vi·

76 3863 167 3928 res,
199 3837 280 3945 ipsrs
315 3833 351 3912 C
359 3833 432 3929 D,
465 3829 536 3913 Od
568 3837 871 3946 proportionales
897 3829 1108 3916 manebunt
1137 3842 1175 3916 in
1206 3829 1344 3917 eidem
1381 3841 1501 3916 ratio-

76 3983 126 4036 ne
153 3983 198 4036 ac
239 3955 304 4036 sub
334 3958 474 4068 initio,
515 3963 556 4036 δι
593 3975 794 4060 propterea
831 3979 995 4060 corpora
1036 3973 1196 4062 pergent
1230 3983 1337 4035 arcus
1370 3962 1409 4036 in
1436 3953 1502 4034 eai-

77 4067 169 4156 dem
211 4081 360 4154 tatione
397 4069 506 4153 llmul
539 4065 761 4152 describere.
818 4073 949 4180 *Igitur
986 4077 1084 4150 vires
1128 4081 1169 4153 &
1204 4072 1426 4154 velocitates
1460 4080 1501 4155 &

78 4218 187 4280 arcus
217 4195 351 4301 reliqui
380 4186 417 4270 C
429 4191 498 4288 D,
527 4185 603 4268 od
635 4184 780 4297 semper
815 4209 926 4269 erunt
965 4209 1008 4271 ut
1037 4215 1146 4272 arcus
1175 4197 1246 4270 toti
1275 4189 1367 4289 CB,
1398 4186 1509 4286 O.B,'

1459 4324 1501 4396 oc

116 4537 184 4612 (r)
221 4535 243 4580 *
277 4544 365 4598 Erunt
389 4499 552 4593 velocitates
572 4537 669 4612 prima
704 4529 765 4594 me.
818 4549 849 4591 ur
872 4529 961 4610 spatia
984 4529 1126 4611 descripta
1150 4532 1223 4611 (pet
1251 4553 1313 4596 eor.
1336 4555 1364 4608 4.
1384 4534 1450 4598 lem.
1469 4538 1503 4597 Χ.
1564 4545 1641 4602 179·

78 4609 179 4683 Natu,
200 4611 266 4672 dato
287 4609 422 4692 temporis
440 4627 608 4672 momento.
630 4607 769 4668 velocits·
818 4605 870 4668 tib.
892 4605 939 4688 t.)

80 4686 246 4766 tergenirae
267 4689 330 4750 sunt
358 4683 480 4748 utvires
511 4689 581 4764 (13.
598 4683 720 4764 tius.)
741 4685 770 4744 ἃ
1124 4761 1184 4824 Bb
1224 4785 1239 4824 ι
