4408 5668
426 389 759 474 Purucrtra
797 389 1276 482 Mnrnntrnrrcn.
1496 431 1576 511 255

146 539 246 616 vires
272 528 520 633 conjunctim.
583 529 747 610 Numeri
776 554 911 614 autem·
939 532 1189 616 reflexionum
1219 532 1302 616 sunt
1329 529 1576 626 adinvicem
1618 551 1749 612 trin

147 675 191 735 nt
224 650 454 742 velocitates·
486 653 649 754 partium
683 643 1059 759 correspondentium
1098 648 1264 746 directe,
1297 663 1337 734 de
1371 654 1488 765 spatia
1518 670 1578 744 in·
1598 629 1758 766 {ffifist

147 794 207 852 tet
249 791 381 847 earum
427 763 651 846 reflexiones
679 765 838 850 inversi.
915 769 964 850 Et
999 777 1096 852 vires
1131 770 1383 854 reflexionum
1418 771 1502 862 suut
1538 803 1579 862 ut
1600 767 1737 838 ΡΜ

147 888 374 966 velocitates
402 893 443 964 δι
478 876 825 992 magnitudines&
857 880 1057 968 densitates
1085 894 1249 996 partium
1281 891 1574 1003 corresponden·
1599 855 1740 990 iiiii

147 1011 250 1086 tium
274 1003 534 1104 conjunelimr
579 994 619 1080 id
650 1003 728 1096 est,
763 1027 804 1084 ut
828 1008 1047 1084 velocitates
1069 1017 1109 1087 δι
1135 1004 1410 1090 diametrorum
1430 1013 1518 1100 cubi
1538 1027 1580 1100 ric
1600 1008 1757 1066 XXVH·

148 1119 350 1203 densitates
379 1127 554 1227 partium.
615 1121 664 1200 Et
695 1126 905 1225 conjuretis
935 1121 991 1202 iris
1024 1121 1202 1214 omnibus
1234 1128 1462 1226 rationibus,
1493 1135 1580 1215 resr-
1675 1115 1677 1126 ⁵

148 1243 295 1322 stentiae
335 1245 497 1346 partium
536 1235 912 1344 correspondentium
942 1238 1025 1320 sunt
1055 1237 1103 1322 ad
1133 1249 1300 1324 invicem
1331 1268 1373 1326 ut
1398 1245 1581 1355 quadrata

149 1363 401 1439 velocitatum
427 1367 466 1437 δι
498 1350 680 1465 quadrata
709 1352 982 1440 diametrorum
1007 1368 1047 1440 δι
1076 1356 1286 1445 densitates
1301 1370 1466 1472 partium
1488 1395 1578 1450 con.

148 1479 325 1582 junelim.
385 1467 440 1590 Q.
476 1471 519 1556 E.
551 1471 609 1555 D.
1033 1473 1035 1488 '

213 1591 325 1673 Corol.
364 1617 396 1673 1.
457 1595 574 1702 Igitur
604 1591 629 1671 sr
661 1589 855 1694 systemata
889 1596 953 1675 illa
985 1593 1058 1675 smt
1087 1591 1201 1678 fluida
1235 1590 1314 1678 duo
1350 1600 1498 1686 elasiica
1529 1601 1584 1687 ad*

152 1705 317 1794 modum
350 1694 465 1804 aeris’,
497 1722 536 1792 δι
566 1731 690 1819 partes
718 1737 852 1792 eorum
881 1714 1076 1820 quiescant
1106 1721 1202 1794 inter
1225 1713 1286 1795 se:
1319 1741 1481 1825 corpora
1514 1751 1578 1804 au.

151 1824 341 1912 temduo
371 1827 571 1909 similia&
603 1823 769 1934 partibus
796 1823 1001 1910 fluidorum
1038 1825 1167 1939 quoad
1202 1829 1507 1943 magnitudinem
1539 1853 1581 1924 δι

152 1940 379 2030 densitatem
409 1949 735 2053 proportionalia,
780 1954 947 2029 &inter
977 1973 1099 2054 partes
1132 1951 1210 2030 illas
1239 1949 1406 2034 similiter
1437 1958 1580 2066 posita,

151 2058 361 2148 secundum
390 2065 508 2143 lineas
541 2063 710 2144 fimiliter
740 2065 903 2173 postas,
941 2088 1136 2172 utcunque
1174 2070 1450 2176 projiciantur3
1480 2082 1587 2158 vires-

153 2208 285 2267 autem
313 2183 619 2275 acceleratrices,
652 2180 787 2289 quibus
818 2185 1009 2292 particulae
1040 2179 1244 2265 fluidorum
1273 2184 1309 2267 se
1342 2215 1484 2272 mutuo*
1503 2198 1581 2302 agi·
1628 2255 1632 2268 r

153 2325 265 2397 tant,
305 2299 377 2381 fint
409 2321 451 2378 ut
477 2325 682 2400 corporum
716 2301 970 2408 projetlrorum
1003 2295 1178 2382 diametri
1210 2303 1386 2401 inversi,
1418 2320 1458 2388 &
1487 2337 1582 2419 qua.

152 2414 264 2500 dtata
291 2421 539 2499 velocitatum
570 2411 741 2497 diresiir
765 2442 932 2526 corpora
957 2419 1018 2496 illa
1046 2420 1282 2527 temporibus
1314 2432 1580 2530 proportiona—

153 2537 254 2618 libus
279 2536 416 2618 ssmiles
439 2534 660 2616 excitabunt
684 2559 810 2616 motus
835 2543 876 2615 in
898 2530 1040 2627 fluidis,
1069 2533 1245 2645 &spatia
1267 2537 1403 2623 similia
1430 2569 1475 2622 ac
1499 2538 1579 2626 dia·

154 2662 289 2736 mettis
319 2654 390 2736 suis
422 2657 487 2755 (ί)
521 2655 819 2760 proportionalia
854 2646 1078 2741 describent.

216 2771 328 2855 Corol.
362 2803 399 2852 2.
460 2766 628 2853 Proinde
664 2777 704 2852 in
729 2766 869 2853 eodem
898 2744 1017 2853 fluido
1047 2772 1242 2881 projetiile
1274 2775 1390 2858 velox
1420 2779 1586 2864 resrlien.

155 2897 253 2973 tiam
274 2896 434 3001 patitur,
468 2913 552 2996 quae
578 2892 634 2968 cli
652 2897 692 2971 in
715 2885 905 2997 duplicati
929 2896 1076 2970 ratione
1104 2891 1317 2975 velocitatis
1349 2921 1467 3003 quam
1498 2927 1585 3009 pro.

156 3008 273 3092 trimi.
333 3005 493 3094 Namfi
523 3014 645 3106 vires,
677 3006 813 3120 quibus
841 3010 1042 3117 particule·
1064 3001 1243 3094 distantes
1270 3009 1307 3094 se
1339 3037 1477 3100 mutuo
1507 3024 1589 3130 agi.

292 3125 306 3154 ‘'
1487 3155 1593 3234 tant„

159 3431 279 3512 quales,
308 3429 466 3492 refilientiae
493 3427 556 3490 su'nt
580 3443 611 3488 ut
634 3431 750 3492 numeri
767 3428 853 3490 relies
899 3445 931 3488 ut
950 3429 1107 3489 velocitates
1126 3433 1585 3521 patriamneorrespottdentittmdi·

159 3512 278 3567 trionum
300 3505 345 3566 seu
366 3507 566 3576 occursuum,··
588 3509 614 3566 dt
636 3505 782 3566 inumeri
802 3524 850 3565 re·
901 3503 972 3567 retii
991 3509 1017 3563 dt
1042 3504 1205 3564 earumdem
1235 3506 1366 3568 diametrr
1392 3509 1510 3572 inverte'a
1550 3524 1587 3577 Et

160 3583 320 3644 flexionunr
347 3602 519 3661 aquemur,
547 3579 704 3642 resistentie
735 3583 796 3641 lbnt
819 3603 850 3645 ur
899 3587 977 3640 vires
992 3579 1284 3662 rqleebnomstrtm
1300 3583 1395 3644 morib
1411 3587 1595 3663 quantitates-

160 3661 238 3720 tires
262 3658 448 3718 relierionurn
470 3655 779 3738 correspondenriunr;
799 3681 849 3720 un·
901 3655 932 3716 in
953 3653 1112 3718 oocurlibus
1132 3657 1159 3714 id
1177 3655 1229 3735 est,
1248 3674 1279 3716 ot
1292 3661 1448 3722 velocitates
1470 3663 1507 3724 θ’
1522 3668 1585 3728 die.

159 3737 221 3804 de',
251 3733 407 3812 conjuretis
428 3733 471 3792 his
490 3732 664 3799 rationibus,
693 3734 852 3797 resistentie
900 3747 1046 3792 metrorum
1065 3731 1125 3790 cubi
1145 3731 1335 3812 &denfirarer
1362 3741 1592 3827 ›antumwmp

159 3831 225 3890 quae
242 3828 277 3874 et
299 3810 498 3888 particularum
523 3816 548 3894 dt
572 3810 691 3888 portium
711 3813 852 3889 majorum
899 3809 1084 3889 pendentium.
1126 3815 1160 3868 lit
1180 3813 1326 3880 conjunclis
1341 3753 1382 3871 its
1397 3814 1521 3876 omnibus
1539 3840 1586 3880 ra·

161 3883 324 3947 occurfibus
347 3893 372 3945 ἃ
396 3886 595 3945 reflexionibus
613 3903 758 3954 oriuntur,
791 3887 852 3948 sunt
902 3885 1018 3944 tionibus
1042 3883 1101 3944 &a

158 3963 274 4040 semper
296 3977 325 4020 ut
356 3961 538 4022 relictionunr
567 3961 850 4040 correspondenrium
940 3963 1000 4038 (o)
1038 3961 1063 4008 ἢ*
1086 3963 1299 4038 Propertiorrtlia
1317 3960 1481 4042 detstribertt-
1512 3967 1587 4028 Pro-

160 4037 275 4098 numeri
295 4034 411 4097 &vires
434 4036 607 4115 conjuntiim
659 4035 779 4096 Numeri
798 4061 850 4100 au-
903 4038 983 4095 batur
1002 4036 1077 4094 enlm
1096 4034 1180 4120 urin
1200 4039 1274 4097 dern.
1300 4056 1351 4117 pro
1379 4039 1592 4111 ssu-lemna-
1688 4093 1692 4102 .

159 4131 223 4174 tem
246 4111 445 4178 reflexionurm
463 4113 573 4174 taeteris
595 4111 714 4191 paribus,
734 4111 795 4174 sunt
815 4115 850 4174 ad
901 4129 929 4170 re
953 4113 1051 4187 (rto)
1081 4111 1182 4199 srmrles
1203 4112 1333 4174 smilirnr
1353 4055 1501 4197 ignearum
1521 4137 1596 4196 par.

159 4189 289 4251 invicem
311 4205 342 4248 ut
360 4189 530 4249 velocitates
550 4190 628 4266 parri·
641 4209 669 4247 m
688 4190 850 4268 correspon·
903 4201 944 4248 tes
966 4205 1023 4247 rem
1046 4189 1140 4246 oribus
1163 4207 1214 4266 pro
1235 4189 1426 4250 orrionalrbus
1449 4191 1588 4274 leorpo-

160 4263 294 4326 dentium
317 4264 439 4332 direde,
458 4271 504 4330 dr,
522 4265 631 4325 cereris
668 4265 770 4332 aribus,
790 4267 853 4327 sunt
904 4261 979 4351 ribps
1000 4207 1059 4322 iliis
1083 4263 1192 4340 semper
1213 4211 1343 4327 describi.
1384 4264 1597 4330 Uodtieorol··

158 4339 273 4401 inverse*
290 4357 321 4398 ut
337 4339 424 4418 spatia
440 4342 514 4400 inter
533 4287 732 4418 parrieuirirum
748 4351 774 4404 dr
792 4363 850 4422 por·
902 4340 1009 4401 lartum*
1026 4337 1181 4417 botperti
1204 4341 1439 4420 (percotis-it
1457 4363 1596 4429 tapropp.

160 4417 239 4478 tium
263 4414 547 4493 correspondentium
578 4415 710 4478 occursus
737 4417 784 4479 seu
804 4439 852 4480 re·
903 4416 989 4492 3t·)··

161 4492 303 4552 flexiones
334 4492 518 4571 intercepta,
550 4492 579 4551 id
600 4493 660 4561 eli,
691 4495 801 4556 intersti-
822 4513 853 4556 ut

105 4584 108 4589 ·
162 4565 290 4644 portium
307 4566 589 4642 correspondentiam
604 4568 746 4641 diametri,
769 4569 861 4628 ideo--

162 4661 227 4720 que
244 4647 352 4706 nemeti
386 4641 560 4724 ruletimrtm
579 4646 647 4721 sunt
671 4643 707 4704 at
734 4650 863 4706 invitem.
