4256 5678
389 433 729 556 Pitinciiin
789 438 1253 530 Mnrnsniric'i.
1447 455 1529 552 '307

111 585 246 713 *sl’Qy
276 583 323 673 nd
350 591 437 700 El'q
462 593 539 676 bis:
573 609 588 699 l
601 602 655 688 n)
678 596 877 676 rcsstenria
895 592 1054 695 cylindri
1076 595 1145 676 erit
1167 592 1214 676 ad
1240 605 1319 678 vim
1341 601 1413 706 qui
1431 615 1531 680 lutus
1565 597 1601 686 4¹-
1617 597 1631 653 1'
1643 596 1713 652 Μ

422 720 428 735 -
824 721 832 736 .
910 725 915 736 .
1178 714 1265 738 ·..
1523 677 1713 740 ,Sittium

108 725 186 801 elus
220 734 373 806 motus,
419 735 562 793 interea
594 709 687 792 dum
728 707 1007 822 longitudinem
1043 717 1076 794 L
1110 709 1307 810 describit,
1357 719 1416 795 vel
1450 720 1531 798 tolli
1556 749 1714 806 simun,

108 829 219 926 possit
242 829 303 908 vel
335 839 535 938 generari,
567 853 608 910 ut
632 827 791 911 densitas
820 826 939 910 medii
968 826 1017 911 ad
1044 826 1266 913 densitatem
1295 828 1467 934 cylindri.
1556 825 1702 954 ξζξξᾷἶῐο

702 1015 950 1128 Scholium.
1555 977 1682 1104 llll]
1738 1049 1741 1071 ¹

165 1178 209 1258 In
240 1175 321 1292 hle·
349 1179 606 1284 propositione
639 1179 882 1260 resistentiam
914 1181 1217 1289 investigavimus
1248 1207 1331 1291 qux
1361 1186 1480 1262 oritur
1510 1181 1531 1260 i

108 1292 183 1376 soll
215 1289 479 1402 magnitudine
511 1293 720 1381 transversat
753 1294 926 1377 sectionis
951 1291 1131 1399 cylindri,
1167 1299 1337 1408 negledlit
1363 1297 1531 1378 resisten-

108 1417 169 1492 tiae
219 1437 323 1520 parte
376 1441 459 1519 quae
505 1413 551 1494 ab
594 1413 820 1524 obliquitate
864 1437 1042 1496 motuum
1081 1419 1169 1494 oriri
1217 1415 1339 1523 pollit.
1426 1417 1532 1496 Nam

109 1522 440 1635 quemadmodum
476 1537 518 1612 in
553 1531 637 1613 casu
678 1541 802 1638 primo
840 1533 1105 1638 propositionis
1144 1557 1286 1615 xxxvi.
1329 1532 1534 1640 obliquitas

107 1671 313 1740 motuum,
358 1644 493 1750 quibus
523 1672 647 1756 partes
676 1677 784 1754 aquae
822 1646 995 1744 invase,
1043 1642 1213 1755 undique
1248 1647 1534 1756 convergebant

110 1770 149 1842 in
173 1761 347 1843 foramen
377 1760 482 1858 EF,
525 1759 727 1875 impedivit
760 1766 942 1846 effluxum
967 1792 1073 1874 aquae
1105 1768 1204 1845 illius
1236 1793 1302 1874 per
1333 1764 1532 1846 foramen:

109 1880 160 1960 fic
184 1886 222 1960 in
250 1880 321 1961 liic
349 1882 627 1990 propofirione‚
661 1883 864 1991 obliquitas
893 1907 1093 1979 motuum,
1126 1881 1261 1992 quibus
1281 1904 1404 1990 partes
1427 1909 1535 1990 aquae

108 2000 157 2078 ab
182 2005 372 2079 anteriore
398 1995 558 2100 cylindri
584 2008 751 2080 termino
777 1993 921 2109 prelsae,
954 1991 1096 2081 cedunt
1121 1999 1295 2109 pressioni
1313 2010 1353 2080 δι
1378 2005 1446 2095 (¹²)
1469 2027 1533 2080 un.

108 2109 228 2224 dique
258 2109 479 2224 divergunt,
511 2110 677 2199 retardat
703 2143 837 2198 eorum
865 2117 1058 2198 transitum
1086 2145 1151 2225 per
1185 2119 1271 2196 loca
1307 2121 1536 2196 incircuitu

108 2239 262 2312 termini
295 2234 391 2314 illius
418 2230 678 2315 antecedentis
707 2235 830 2316 versus
856 2237 1076 2341 posteriores
1110 2253 1233 2342 partes
1264 2224 1444 2334 cylindri,
1477 2229 1535 2312 ef·

109 2349 267 2456 ficitque
296 2373 338 2430 ut
365 2345 524 2431 fluidum
556 2346 604 2431 ad
627 2357 812 2454 majorem
845 2344 1058 2431 distantiam
1089 2357 1449 2430 commoveatur&
1478 2375 1536 2428 te·

110 2463 311 2546 fistentiam
347 2489 488 2576 auget,
536 2473 613 2566 (0)
645 2465 762 2577 idque
798 2478 837 2552 in
866 2469 910 2546 ei
951 2466 1029 2546 sete
1065 2473 1213 2548 ratione
1246 2467 1320 2574 quit
1352 2464 1536 2546 effluxum

111 2611 220 2690 aquae
254 2581 275 2662 ὲ
311 2587 394 2663 vase
427 2579 631 2682 diminuit,
674 2581 715 2667 id
754 2591 805 2670 est
840 2593 880 2665 in
906 2593 1053 2665 ratione
1084 2577 1273 2694 duplicati
1311 2608 1360 2683 25
1398 2575 1447 2662 ad
1481 2607 1530 2663 21

111 2706 274 2782 circiter.
335 2703 382 2782 Et
412 2697 761 2808 quemadmodum,
791 2715 832 2786 iti
864 2701 1129 2810 propositionis
1154 2704 1249 2782 illius
1280 2698 1362 2778 casu
1389 2706 1535 2806 primo,

112 2811 309 2896 effecimus
349 2843 390 2899 ut
425 2843 550 2928 partes
591 2849 698 2930 aqua
741 2812 1101 2930 perpendiculariter
1140 2829 1179 2900 δι
1221 2817 1387 2896 maximi
1424 2817 1536 2924 copii

111 2933 308 3014 transirent
332 2961 401 3043 pet
430 2935 603 3020 foramen
630 2937 725 3036 EF,
757 2929 940 3048 ponendo
973 2928 1079 3042 quod
1112 2963 1210 3043 aqua
1244 2939 1369 3012 omnis
1400 2941 1440 3014 in
1473 2961 1537 3014 va·

1499 3049 1536 3131 se

114 3231 720 3314 ritasaqnaefitemedii,addenfitatent
738 3243 798 3329 Cy·
851 3236 872 3296 li
912 3233 996 3304 om,
1025 3231 1120 3297 estad
1143 3235 1198 3298 titii
1226 3233 1281 3317 qul
1310 3235 1386 3296 idern
1409 3235 1537 3322 ijs-idem

112 3311 217 3377 lindti,
239 3331 309 3389 ergo
326 3313 437 3372 tandein
453 3313 618 3374 Resilltntia
638 3315 677 3372 eli
693 3316 727 3375 ad
744 3335 800 3375 tint
851 3259 975 3392 cylindri
994 3332 1085 3372 motui
1099 3333 1158 3390 quo
1179 3332 1308 3391 tempote
1327 3315 1377 3370 lon
1398 3312 1537 3370 iiudineni

115 3387 170 3472 qui
190 3404 283 3444 motus
306 3386 335 3444 in
358 3388 501 3466 Cylindto
526 3392 654 3466 generari
674 3393 718 3449 rel
741 3395 801 3451 tol·
851 3395 872 3446 L
900 3387 1080 3448 uniformiter
1109 3387 1244 3448 describit
1274 3391 1320 3448 vel
1354 3333 1419 3446 tolli
1458 3385 1538 3464 pollis

113 3464 136 3520 li
153 3461 243 3537 poiell
260 3481 318 3538 quo
334 3479 461 3540 tempore
475 3466 660 3544 quadruplum
673 3466 725 3524 suae
737 3467 801 3524 lon·
852 3461 898 3522 rel
924 3460 1071 3541 generati,
1100 3461 1128 3520 in
1158 3464 1268 3523 tatione
1291 3462 1398 3522 inversi
1425 3481 1537 3548 tempo-

114 3535 250 3614 gitudinis
270 3537 457 3614 propiiicum
473 3540 628 3600 velocitate
649 3541 800 3605 describit.
853 3543 938 3604 tint,
960 3537 1013 3596 site
1036 3539 1075 3595 ob
1095 3541 1223 3598 eamdem
1246 3539 1377 3612 utrinque
1404 3539 1540 3596 celerita-

117 3653 149 3696 ut
173 3637 539 3712 EF’adEF2-LPQ2
560 3641 586 3694 st
612 3637 653 3698 bis
675 3656 706 3699 „t
725 3645 803 3700 Ep:
854 3630 913 3672 tem
933 3613 971 3698 'ln
998 3611 1111 3698 tatione
1138 3613 1258 3699 intend·
1278 3613 1450 3696 spatiorum,
1481 3612 1541 3670 hoc

114 3733 151 3792 ,d
175 3733 380 3808 EF2-PQ2
405 3693 439 3792 &³
455 3749 485 3790 m
512 3730 630 3790 densa„
657 3735 744 3797 medii
766 3737 803 3798 'd
853 3688 912 3758 est,
930 3707 959 3746 in
981 3705 1093 3746 tatione
1116 3687 1303 3767 longitudinis
1325 3695 1342 3746 l
1362 3687 1397 3746 ad
1419 3685 1542 3763 quadru-

116 3807 284 3869 denfilmm
302 3808 448 3887 Cylindfl·
488 3809 529 3885 Q·
550 3813 580 3864 Ε*
602 3810 643 3867 D·
855 3835 1130 3924 aequ0)·itillentia
1148 3835 1272 3918 cylindri
1292 3840 1331 3898 ell
1350 3841 1386 3898 ad
1406 3835 1460 3918 tini
1485 3835 1541 3922 qui

154 3911 227 3987 (in)
267 3911 456 3991 *Refistentin
476 3915 589 3991 cylindri
611 3921 662 3972 erit
684 3918 802 3976 aduini.
854 3932 932 3973 totns
953 3932 1012 3989 ejus
1037 3932 1159 3982 moins,
1190 3912 1541 3996 intertadumlongiiudi-

117 3983 355 4073 llam-(percos.
378 3995 449 4048 n&
473 3989 730 4068 hyp.)refillentia
752 4013 805 4072 cy·
854 3995 959 4049 nemi.
992 3988 1171 4049 uniformiter
1194 3987 1329 4047 desctibit
1365 3987 1429 4046 tolli
1459 3985 1540 4063 podir

115 4061 201 4119 lindti
223 4063 261 4124 eli
283 4067 318 4124 ad
342 4062 399 4122 vim
430 4067 484 4142 qul
506 4083 582 4126 totus
609 4071 668 4146 ejus
692 4087 804 4134 motus,
856 4068 901 4124 rel
919 4065 1060 4142 generati,
1079 4081 1110 4128 ut
1129 4064 1247 4126 densitas
1262 4064 1349 4126 medii
1368 4065 1402 4125 ad
1421 4059 1541 4129 densim,

117 4157 176 4214 quo
197 4157 324 4220 tempore
340 4141 525 4219 quadruplum
545 4142 734 4220 longitudinis
751 4143 803 4204 sure
856 4155 914 4199 rem
938 4139 1071 4218 cylindri.
1497 4207 1503 4220 ³

117 4215 300 4281 uniformiter
313 4214 447 4277 describit
462 4218 507 4279 iel
522 4219 650 4295 generati
666 4219 745 4296 potiit
759 4219 804 4280 rel
893 4215 955 4292 (n)
994 4218 1015 4258 't
1048 4225 1082 4276 Et
1113 4215 1235 4294 undique*
1261 4215 1420 4290 livingum.
1467 4208 1536 4270 vid.

117 4291 207 4360 tolli,
231 4293 259 4352 in
277 4295 385 4355 tatione
399 4295 599 4372 comportati
613 4309 724 4355 tatone
738 4314 805 4372 qua·
856 4295 939 4368 Ptop.
958 4310 1002 4356 41.
1027 4297 1053 4352 ἃ
1074 4311 1119 4362 42.
1139 4291 1191 4351 lib.
1213 4290 1305 4368 hujus.

118 4369 223 4446 dtttplae
241 4367 428 4448 longitudinis
447 4371 573 4447 cylindri
591 4372 626 4430 ad
645 4369 804 4447 longitudi-
895 4366 962 4441 (ο)
983 4366 1021 4453 Ι*
1042 4368 1173 4444 idqueln
1195 4366 1228 4426 el
1242 4365 1307 4445 ferd
1328 4366 1439 4452 ratlong.
1474 4367 1539 4450 ,Ευ-

118 4461 183 4502 nem
198 4451 258 4506 L&
280 4443 391 4504 titione
412 4443 554 4506 densitatis
578 4444 664 4505 medii
683 4447 719 4506 ad
736 4446 806 4504 den·
857 4440 921 4500 dem
943 4461 1020 4500 enini
1053 4443 1113 4503 fere'
1139 4447 1228 4505 modo
1254 4459 1346 4501 motus
1371 4439 1481 4516 obliqui
1509 4455 1540 4520 tn

119 4516 229 4580 fitaiem
250 4520 394 4596 cylindri,
412 4524 439 4578 dr
469 4521 568 4596 (279)
598 4521 636 4582 vis
654 4523 708 4598 qul
731 4537 805 4579 totus
856 4533 934 4594 aquae
965 4517 1089 4595 partibus
1119 4521 1298 4584 excitantur,
1330 4515 1383 4574 fite
1413 4534 1485 4592 aqua
1510 4530 1540 4567 in

119 4593 591 4738 illllllillllz’ll¹5lil⁰l
619 4595 806 4735 llllll
855 4593 978 4726 {llll
994 4592 1458 4734 ‘llllillinistis
1486 4589 1542 4725 [Ἴ

171 4689 190 4748 g
433 4687 449 4739 c
527 4690 628 4750 ’W
643 4691 686 4742 m
751 4686 762 4742 l
857 4741 1021 4824 quiescente
1041 4693 1196 4822 stratuum
1228 4691 1260 4736 ve
1291 4745 1392 4828 th
1468 4685 1522 4748 aqu

856 3765 933 3842 plum
960 3761 1149 3897 lonpitudinis
1175 3763 1309 3840 cylindri.
1361 3762 1461 3836 Quare
1481 3763 1541 3834 (ex
