4408 5668
511 449 853 546 Princirri
910 463 1392 550 MATIiEMArlcs.
1557 491 1654 572 '305

231 623 347 692 creat.
407 603 701 708 Pressitfiitem
718 636 801 715 quae
825 607 984 685 orituri
1009 607 1286 714 compresfione
1305 605 1432 708 fluidi,
1465 635 1658 721 utcunque
1700 612 1827 672 lim

231 725 340 807 fortis
373 723 445 818 sit,
476 727 501 804 si
538 746 766 833 propagetur
794 731 831 803 in
860 727 1031 820 instanti,
1064 726 1210 805 nullum
1246 752 1401 834 generat
1435 751 1587 812 motum
1620 733 1658 807 in
1679 689 1838 822 {ssssssfiliy

235 841 403 954 partibus
433 837 538 921 fluidi
574 850 778 934 continui,
820 844 963 920 nullam
1001 847 1163 923 omnino
1198 841 1346 926 inducit
1372 870 1500 930 motus
1531 869 1658 930 muta·
1680 841 1816 970 {yffi-H

231 970 403 1044 tiooem;
436 954 601 1068 ideoque
633 960 876 1040 refistcntiam
905 986 978 1039 nec
1004 980 1118 1069 auget
1138 987 1212 1040 nec
1237 969 1391 1046 minuit.
1463 965 1581 1048 Certi:
1615 992 1655 1042 a·
1681 953 1832 1047 rnioi'.

232 1081 310 1168 iiio
343 1071 470 1171 fluidi,
503 1105 587 1184 quae
619 1076 668 1156 ab
702 1079 779 1180 ejus
806 1075 1082 1185 compressione
1117 1085 1262 1176 oritur,
1300 1079 1435 1163 sortior
1470 1077 1542 1162 csse
1577 1077 1659 1162 non
1682 1063 1809 1122 xm·

231 1197 355 1309 potest
388 1201 428 1274 in
451 1213 575 1302 partes
610 1198 767 1302 posticas
789 1202 961 1302 corporis
992 1200 1090 1275 moti
1129 1221 1247 1302 quam
1272 1205 1314 1278 in
1340 1201 1417 1303 ejus
1444 1222 1568 1308 partes
1597 1229 1662 1280 an-

232 1321 351 1410 ticas,
382 1305 549 1422 ideoque
581 1313 820 1394 resistentiam
854 1319 894 1392 in
923 1310 998 1392 hac
1028 1311 1285 1422 propositione
1317 1309 1541 1424 descriptam
1585 1323 1663 1396 mi-

234 1459 352 1518 nuere
382 1455 460 1511 non
491 1433 631 1538 potest:
678 1441 718 1512 &
758 1428 894 1511 sortior
921 1455 1001 1511 non
1037 1436 1108 1512 erit
1142 1435 1182 1508 in
1218 1455 1341 1542 partes
1368 1440 1511 1515 anticas
1545 1459 1663 1544 quam

235 1556 278 1632 in
310 1551 489 1655 posticas,
533 1543 702 1626 simodo
726 1553 948 1656 propagatio
987 1549 1065 1651 ejus
1097 1549 1245 1628 infinite
1277 1553 1448 1631 velocior
1473 1552 1517 1633 fit
1544 1577 1663 1660 quam

234 1691 366 1748 motus
393 1671 563 1771 corporis
595 1664 714 1772 pressi.
776 1663 928 1744 infiniti
959 1687 1088 1744 autem
1119 1667 1290 1746 velocior
1319 1673 1390 1749 erit
1412 1679 1453 1750 iic
1480 1694 1663 1777 propaga·

233 1783 335 1866 bitur
361 1789 402 1862 in
433 1785 606 1876 instanti,
650 1781 677 1860 si
712 1776 833 1862 modo
859 1775 1019 1862 fluidum
1043 1781 1087 1862 fit
1108 1779 1404 1868 continuum&
1434 1811 1516 1868 non
1540 1787 1664 1865 clasii-

236 1929 340 1984 curn.

296 2014 353 2118 (¹¹)
384 2015 494 2101 Coros,
517 2043 550 2100 r.
596 2009 886 2118 Cylindrorum,
918 2022 984 2124 qui
1007 2008 1215 2096 secundum
1232 2010 1491 2126 longitudines
1519 2019 1600 2101 suas
1625 2024 1664 2100 in

237 2131 376 2220 mediis
404 2141 595 2217 continuis
624 2134 780 2216 infinitis
820 2128 1061 2215 uniformiter
1089 2125 1419 2242 progrediuntur,·
1453 2134 1663 2217 resistentie

236 2257 320 2337 sunt
356 2261 397 2334 in
425 2263 572 2337 ratione
602 2279 687 2360 quae
720 2256 966 2359 componitur
1001 2279 1049 2330 ex
1076 2245 1266 2356 duplicati
1299 2259 1449 2330 tatione
1481 2253 1663 2334 velocita-

235 2395 319 2454 tum
354 2381 395 2454 dc
417 2365 608 2484 duplicati
635 2377 783 2453 ratione
805 2363 1082 2454 diametrorum
1116 2379 1157 2448 δι
1189 2374 1336 2449 ratione
1364 2362 1557 2451 densitatis
1582 2397 1662 2450 me.

236 2487 405 2572 diorum.
1735 2495 1736 2498 ’

298 2600 360 2705 (¹)
389 2601 500 2688 Cotti.
528 2636 565 2688 2.
615 2606 653 2686 Si
671 2596 884 2710 amplitudo
909 2602 1049 2684 canalis
1071 2627 1150 2680 non
1179 2622 1360 2708 augeatur
1389 2605 1429 2680 in
1455 2604 1660 2689 infinitum.

229 2719 301 2807 'sed
335 2718 527 2824 cylindrus
553 2729 593 2804 in
633 2715 764 2810 medio
800 2718 1016 2828 quiescente
1040 2717 1187 2800 incluso
1216 2713 1425 2798 secundum
1451 2719 1656 2831 longitudi.

149 2897 152 2904 .
236 2871 328 2924 nem
352 2839 451 2925 suani
471 2833 758 2952 progrediatur,
787 2847 827 2918 δι
850 2842 993 2920 interea
1012 2843 1090 2918 axis
1105 2839 1181 2938 ejus
1205 2861 1294 2915 curn
1311 2861 1381 2914 axe
1397 2843 1536 2920 canalis
1553 2850 1658 2921 coin.

238 2955 360 3040 cidar:
394 2961 595 3050 refistentia
611 2960 689 3060 ejus
714 2949 849 3036 eritad
864 2961 944 3035 vim
962 2956 1036 3062 quai
1062 2974 1164 3035 totus
1188 2954 1266 3056 ejus
1287 2975 1438 3046 motos,
1471 2984 1549 3064 quo
1564 2982 1661 3039 tem-
1716 3010 1723 3024 -

239 3104 332 3186 pore
363 3073 618 3187 quadruplum
651 3067 899 3184 longitudinis
930 3070 1002 3154 suae
1028 3067 1228 3165 descrIbit,
1267 3073 1326 3149 vel
1355 3080 1525 3180 generari
1551 3076 1663 3184 poffit

720 3225 724 3238 “
818 3227 820 3232 ·
1604 3197 1664 3272 vel

282 3793 343 3872 (ii)
379 3799 443 3856 cor.
465 3800 492 3854 n·
546 3789 594 3852 Sic
612 3784 828 3853 demonstratur.
866 3785 927 3845 lie·
978 3797 1013 3845 eir
1026 3783 1137 3862 siquo).
1155 3779 1305 3844 resistentia
1315 3779 1438 3860 cylindri
1451 3783 1662 3869 cujuscumque,

243 3869 365 3930 sistentia
388 3864 514 3950 cylindri
546 3866 680 3945 cujusque
706 3865 745 3925 est
767 3861 871 3923 directe
898 3877 928 3920 ut
978 3859 1176 3920 ficonseratur
1190 3879 1254 3919 cuni
1278 3859 1429 3920 resilientis
1443 3861 1662 3936 alteriuicylin-

242 3945 361 4006 densitas
383 3945 471 4005 medii
493 3942 580 4004 &vis
606 3939 753 4000 uniformis
777 3939 831 4016 qui
853 3952 928 3998 totus
978 3935 1041 4003 dri,
1061 3935 1099 3995 est
1112 3936 1141 3993 in
1162 3934 1270 3994 ratione
1284 3953 1344 4012 quae
1364 3936 1546 4016 componitur
1566 3955 1599 3993 ex
1615 3953 1662 3992 ra-

241 4021 368 4098 cylindri
384 4039 500 4087 motus,
519 4036 579 4096 quo
593 4015 724 4094 tempore
743 4013 928 4101 quadruplum
980 4009 1060 4071 tione
1082 4007 1347 4076 denfitatismedii,
1379 4015 1405 4068 &
1425 4009 1535 4072 ratione
1568 4007 1662 4085 dupli-

241 4095 428 4184 longitudinis
447 4095 499 4157 suae
515 4091 651 4156 describit
671 4091 715 4149 tel
734 4107 862 4167 generari
883 4087 929 4174 vel
980 4083 1196 4172 catidiametti
1225 4089 1251 4145 δι
1281 4085 1423 4166 duplicati
1446 4087 1558 4146 rarione
1578 4087 1663 4145 telo·

243 4173 311 4230 tolli
326 4171 421 4248 possit,
441 4177 466 4230 δι
488 4170 595 4231 inverse'
612 4183 643 4226 ut
662 4165 781 4226 densitas
804 4163 929 4242 cylindri
980 4177 1086 4220 citatis.
1757 4171 1760 4178 ·

242 4249 304 4324 (ex
327 4249 517 4319 dein.);Sed
537 4243 642 4304 visilia
668 4237 817 4302 uniformis
842 4237 930 4296 estin
1015 4235 1073 4310 (l)
1112 4235 1217 4297 *Con
1239 4257 1265 4296 ι.
1308 4235 1353 4295 Sic
1367 4235 1665 4298 demonstratur.*8i

242 4323 356 4409 ratione
382 4320 539 4410 pomponii
571 4339 606 4408 eit
636 4312 929 4448 rationi-bupndiresi'it
978 4309 1102 4444 Cllalls'
1124 4331 1183 4444 potp
1205 4311 1245 4446 s{rt
1274 4309 1396 4442 inspnitui
1420 4310 1543 4386 respecln
1566 4312 1665 4443 basesog

241 4399 433 4534 iiiiii
451 4393 765 4550 {illiii’titsllil
789 4407 928 4524 iiiii:
979 4402 1102 4519 iiiii
1116 4404 1589 4549 slis.tristissimis?
1607 4408 1666 4520 ii.

241 4547 324 4607 tione
347 4547 455 4608 inversi
473 4546 553 4626 spatii
576 4543 729 4622 descripti,
749 4539 794 4598 seu
820 4558 853 4598 ert
882 4559 928 4599 ta·
979 4555 1027 4594 mo
1047 4555 1146 4612 nempe
1167 4537 1242 4613 quod
1257 4536 1427 4597 ascendente
1445 4539 1564 4598 circello
1581 4561 1609 4596 in
1623 4555 1667 4596 ca·

243 4622 324 4682 tione
342 4623 449 4683 inversi
473 4617 659 4700 longitudinis
684 4614 806 4694 cylindri
831 4615 927 4689 (280).
979 4610 1037 4670 nali
1055 4611 1173 4678 clauso,
1187 4612 1326 4698 yelocitas
1352 4612 1470 4674 relatiia
1494 4635 1569 4690 aqiae
1595 4608 1668 4669 stm-

239 4697 343 4776 Quari
367 4701 439 4777 (per
465 4693 704 4782 compostiqutts
726 4691 870 4772 redonum
902 4695 929 4753 dt
981 4703 1031 4766 yet
1053 4685 1085 4756 fit
1109 4687 1144 4764 ad
1166 4705 1227 4763 eyus
1251 4685 1437 4842 relpzcitattin
1452 4708 1481 4749 ui
1503 4688 1670 4826 ὺιῆιειιιιῖ

299 4779 374 4835 Tetti.
412 4780 467 4836 ll.
604 4835 611 4850 ,
1289 4831 1297 4844 p
1342 4782 1361 4840 q
