4256 5678
320 445 653 530 Pntucrata
690 445 1165 536 Manatum-ten.
1391 469 1465 553 311

625 651 870 764 Scholium.

108 881 252 972 Eadem
276 895 329 972 est
359 896 457 972 tatio
487 913 693 997 corporum
719 897 893 970 omnium
918 915 1181 973 connexorum
1216 903 1256 973 dc
1283 889 1466 975 rotundo.

1523 589 1646 653 Luat.

1487 665 1617 726 Saeuam,

1487 743 1644 810 srenvn.

1486 815 1645 883 Paot.'

1485 896 1630 953 xxxutt.

1485 975 1635 1029 inrum

50 1035 148 1104 tum,
183 1035 346 1116 quorum
362 1036 449 1088 axes
469 1033 558 1086 cum
571 1036 639 1088 axe
653 1009 790 1096 canalis
809 1004 1044 1090 coincidunt.
1097 1005 1325 1092 Differentia
1342 1017 1465 1123 aliqua
1484 1047 1612 1105 xxm.

47 1152 96 1206 ex
126 1130 270 1230 majore
300 1131 359 1207 vel
382 1134 541 1225 ‚minore
575 1120 747 1208 frictione
773 1134 864 1207 oriri
893 1131 1033 1234 potest,
1063 1121 1126 1206 sed
1156 1136 1195 1208 in
1219 1128 1275 1207 his
1303 1135 1465 1212 lemma·

45 1251 93 1324 tis
119 1270 279 1351 corpora
311 1240 383 1328 eise
413 1241 627 1353 politiffima
655 1239 915 1351 supponimus,
948 1255 989 1326 δι
1015 1239 1133 1326 medii
1156 1252 1403 1329 tenacitatem
1424 1260 1464 1331 δε

47 1356 263 1443 frtutonem
293 1357 365 1445 esse
396 1365 560 1452 nullam,
593 1373 633 1440 δι
661 1355 767 1469 quod
788 1384 910 1468 partes
939 1358 1065 1457 fluidi,
1099 1391 1183 1471 quae
1206 1365 1372 1446 motibus
1397 1365 1466 1446 suis

48 1479 213 1587 obliquis
238 1491 278 1562 δι
307 1478 495 1590 superfluis
520 1477 663 1560 fluxum
694 1504 800 1586 aqua:
831 1506 897 1585 pet
924 1477 1097 1560 canalem'
1127 1479 1365 1589 perturbare,
1397 1491 1468 1564 im.

45 1592 202 1708 pedite,
230 1608 270 1678 δε
300 1591 493 1678 retardare
528 1587 697 1704 possunt,
731 1594 926 1703 quiescant
963 1603 1061 1678 intet
1093 1593 1128 1675 sc
1167 1621 1348 1705 tanquam
1379 1602 1468 1708 gelu

48 1716 275 1810 constriuae,
306 1727 347 1798 δι
379 1713 602 1822 corporibus
631 1706 681 1794 ad
716 1712 880 1820 ipsorum
911 1737 1033 1821 partes
1066 1721 1210 1794 anticas
1241 1726 1281 1796 tit
1311 1719 1468 1822 posticas

47 1829 288 1929 adhaereant,
321 1826 477 1942 perinde
508 1837 617 1910 utin
648 1829 795 1911 scholio
829 1832 1095 1938 propositionis
1124 1825 1372 1938 praecedentis
1406 1861 1470 1914 ex-

46 1951 166 2059 posui.
238 1953 375 2061 Agitur
400 1957 503 2030 enim
534 1956 572 2027 in
607 1945 848 2054 sequentibus
878 1941 926 2025 de
959 1947 1157 2028 resistentia
1188 1954 1365 2030 omnium
1393 1960 1469 2034 mi-

45 2069 153 2150 nimd
187 2095 305 2174 quam
332 2092 497 2176 corpora
534 2060 725 2160 rotunda,
762 2059 859 2148 datis
884 2071 1061 2146 maximis
1096 2063 1319 2147 sectionibus
1352 2067 1470 2152 trans-

46 2187 161 2268 versis
190 2181 399 2296 descripta,
432 2183 573 2268 habere
608 2174 769 2293 possunt.
920 2237 924 2244 ·
1285 2247 1288 2255 -

105 2305 281 2412 Corpora
324 2299 445 2384 fluidis
481 2311 722 2399 innatantia,
754 2301 819 2384 ubi
848 2326 1054 2388 moventur
1084 2311 1123 2385 in
1155 2298 1360 2402 directum,
1392 2310 1471 2394 effi„

46 2429 154 2502 ciunt
186 2443 228 2501 ut
261 2416 422 2504 fluidum
440 2416 490 2502 ad
507 2442 654 2529 partem
687 2427 854 2502 anticam
877 2417 1072 2518 ascendat,
1104 2415 1152 2500 ad
1176 2429 1355 2530 posticam
1389 2425 1473 2508 sub-

44 2535 164 2634 srdut,
194 2535 399 2644 pracsertim
427 2539 454 2618 fi
484 2539 605 2648 figura
632 2537 703 2617 sint
728 2537 884 2626 obtusas
915 2549 954 2620 δι
987 2535 1077 2620 inde
1109 2537 1347 2623 resrstentiam
1378 2573 1471 2654 pau·

44 2661 85 2738 lo
115 2657 303 2759 majorem
339 2655 501 2736 sentiunt
537 2655 651 2762 quim
683 2655 708 2734 fi
741 2661 864 2764 capite
896 2667 936 2738 δι
964 2653 1084 2738 caudi
1121 2655 1192 2736 s1nt
1223 2667 1366 2739 acutis«
1424 2665 1473 2744 Et

45 2800 210 2884 corpora
232 2783 271 2854 in
294 2768 419 2853 fluidis
444 2774 599 2854 clasticis
625 2793 751 2865 mota,
782 2774 810 2852 sa
837 2793 924 2854 ante
951 2783 991 2856 δι
1013 2776 1097 2882 post
1118 2771 1248 2853 obtusa
1270 2776 1360 2872 fior,
1392 2777 1472 2860 siui-

44 2891 140 2973 dum
174 2895 289 2998 paulo
318 2896 438 2997 magis
468 2883 702 2969 condensam
735 2884 785 2969 ad
815 2895 981 2971 anticam
1013 2899 1223 2997 partomi&
1246 2897 1359 2998 paulo
1390 2923 1469 2978 ma.

44 3022 100 3122 gis
136 3013 304 3090 relaxant
336 2999 385 3086 ad
422 3009 626 3114 posticam3
668 3017 709 3088 δι
739 3001 830 3088 inde
867 3009 1108 3088 resistentiam
1145 3008 1257 3113 paulo
1284 3011 1473 3114 majorem

44 3131 210 3212 sentiunt
236 3151 356 3234 quam
379 3123 548 3232 srcapite
579 3133 618 3204 aa
633 3119 754 3204 cauda
778 3126 849 3208 fint
865 3131 994 3206 acutis.
1056 3119 1132 3204 Sed
1148 3151 1217 3204 nor
1240 3132 1279 3204 in
1296 3126 1355 3208 his
1378 3132 1472 3214 iem.

45 3254 160 3328 matis
180 3258 220 3327 δι
246 3238 565 3352 propositionibus
587 3265 668 3322 non
700 3248 846 3350 agimus
882 3237 931 3322 de
960 3239 1085 3322 fluidis
1112 3242 1291 3340 clasticis,
1323 3240 1386 3325 sed
1419 3245 1475 3331 de
1551 3293 1553 3296 -

45 3393 125 3447 non
160 3365 340 3445 clasticiss
370 3383 449 3440 non
479 3352 528 3438 de
556 3352 803 3438 infidentibus
833 3354 972 3452 fluido,
1001 3355 1065 3437 sed
1088 3353 1137 3436 de
1170 3359 1244 3437 alte
1275 3367 1472 3449 immersis.

45 3487 94 3566 Et
119 3480 183 3569 ubi
206 3477 404 3559 resistentia
434 3499 641 3580 corporum
664 3481 703 3554 in
726 3469 848 3554 fluidis
875 3503 954 3554 non
975 3477 1131 3556 clasticis
1155 3475 1375 3570 innotescit,
1408 3511 1474 3564 au.

46 3594 172 3710 genda
207 3593 388 3676 erithace
422 3591 622 3674 resistentia
651 3595 926 3700 aliquantulum
956 3617 1035 3671 tam
1068 3599 1106 3669 in
1141 3587 1263 3672 fluidis
1291 3597 1470 3694 classicis,

48 3719 168 3824 qualis
211 3715 262 3792 cst
301 3738 391 3806 aer,
430 3711 545 3818 quim
584 3715 623 3788 in
656 3707 920 3815 superficiebus
963 3703 1168 3792 fluidorum
1199 3712 1477 3822 stagnantium,

49 3836 173 3950 qualia
205 3829 288 3916 suut
319 3835 440 3914 marta
466 3839 506 3912 δι
538 3819 709 3944 paludes..
