4408 5668
504 399 1360 496 triversrrttnmrrrcr.
1564 437 1635 514 33¹

267 540 346 628 Per
381 531 464 620 lraec
490 545 756 648 experimenta
801 545 1037 630 manifestum
1056 550 1116 630 est
1141 543 1281 658 quod,
1326 545 1392 630 ubi
1427 545 1533 662 globi
1563 567 1640 630 rar·
1659 557 1847 688 shut·

206 651 265 741 all
300 651 540 748 ceciderunt,
580 683 621 740 ut
656 665 693 740 in
738 669 1006 770 experimentis
1038 659 1232 762 secundis,
1270 673 1433 774 quartis,
1477 677 1637 774 quintis,
1659 653 1815 773 δζξὲᾟῇι

211 782 385 867 oetavis,
422 773 635 856 undecimis
665 806 712 858 ac
741 774 1015 876 duodecimis,
1047 806 1221 888 tempora
1248 777 1409 866 cadendi
1439 784 1541 866 rede
1568 813 1636 866 ex·
1653 789 1814 916 xfw·

213 892 395 976 hibentur
444 923 510 994 pet
551 891 766 992 theoriam,
813 921 852 978 at
903 900 967 980 ubi
1016 899 1123 1009 globi
1174 903 1341 982 velocius
1385 895 1639 996 oeciderunt,
1699 903 1816 1006 p’m

209 1034 257 1092 ut
292 1019 332 1093 in
365 1016 633 1119 experimentis
675 1011 811 1111 sextis,
854 1024 964 1098 nonis
1012 1044 1058 1098 ac
1099 1011 1279 1116 decimis,
1327 1017 1393 1116 (²)
1434 1020 1639 1100 resistentia
1660 1011 1721 1071 ts.

212 1132 329 1238 paulo
375 1132 499 1229 major
557 1137 683 1213 extitit
729 1159 846 1242 quarn
900 1143 940 1216 in
985 1127 1175 1247 duplicati
1219 1145 1367 1218 ratione
1407 1137 1638 1218 velocitatis.

213 1248 320 1329 Nam
349 1244 454 1356 globi
489 1255 587 1330 inter
610 1243 835 1333 cadendum
869 1251 1041 1334 oscillant
1069 1255 1373 1359 aliquantulum:
1404 1265 1446 1336 oe
1475 1252 1557 1334 ltaec
1585 1249 1641 1332 os-

206 1367 357 1447 cillatio
391 1370 429 1445 in
455 1366 578 1474 globis
602 1369 809 1482 'levioribus
836 1381 875 1452 δι
898 1366 1044 1452 tardius
1060 1365 1306 1466 cadentibus,
1337 1369 1390 1452 ob
1418 1392 1545 1452 motus
1564 1373 1666 1452 lana

211 1507 374 1590 gnorem
403 1489 480 1564 cito
508 1479 640 1572 ceffatr
673 1493 713 1566 in
736 1487 972 1597 gravioribus
999 1509 1128 1570 autem
1157 1498 1198 1572 oc
1221 1487 1446 1590 majoribus,
1478 1486 1530 1567 ob
1558 1513 1644 1568 mo.

212 1626 274 1686 tus
303 1595 568 1682 fortitudinem
598 1597 737 1685 diutius
773 1601 902 1697 durat,
933 1618 973 1688 δι
1005 1629 1086 1686 non
1121 1605 1188 1686 nist
1218 1609 1299 1716 poll
1334 1608 1456 1714 plures
1495 1602 1642 1686 oscilla-

204 1726 337 1802 tiones
389 1719 436 1798 ab
465 1723 561 1829 aqui
599 1721 793 1802 ambiente
831 1723 1004 1804 cohiberi
1045 1725 1177 1832 potest.
1253 1721 1479 1830 Quinetiam
1506 1717 1670 1832 globi,'

213 1867 294 1946 quo
328 1839 537 1918 velociores
572 1829 676 1934 sunt,
710 1865 758 1922 eo
791 1851 915 1922 minus
943 1839 1219 1948 premuntur}
1250 1834 1368 1924 fluido
1406 1834 1454 1920 ad
1483 1841 1642 1949 posticas

211 1950 292 2036 suas
318 1979 461 2064 partes-3
493 1963 532 2037 &
562 1959 588 2038 ss
616 1959 797 2039 velocitas
825 1978 1011 2068 perpetuo
1044 1981 1244 2070 augeatur,
1279 1957 1442 2068 spatium
1470 1983 1636 2039 vacuum

208 2070 371 2155 tandem
403 2074 424 2153 t
444 2095 558 2184 tergo
587 2079 831 2183 relinquent,
866 2063 944 2174 (bl
967 2077 1033 2157 nist
1050 2076 1279 2185 compreffio
1314 2067 1419 2156 fluidi
1442 2073 1550 2156 fimul
1571 2097 1640 2156 au·

211 2213 358 2302 geatut.
418 2190 547 2274 Debet
585 2217 712 2274 autem
754 2193 982 2304 compressio
1015 2188 1120 2274 fluidi
1159 2204 1243 2302 (per
1276 2217 1385 2302 prop.
1418 2218 1563 2274 xxxtt.
1600 2204 1642 2274 δι

210 2314 412 2404 xxxttr.)
447 2311 519 2405 (⁶)
553 2317 681 2420 augeri
718 2319 757 2392 in
793 2306 984 2420 duplicati
1015 2319 1162 2394 ratione
1191 2311 1430 2403 velocitatis,
1476 2331 1518 2390 ut
1551 2309 1642 2390 refi-

206 2427 418 2508 uenerant
448 2434 485 2506 in
521 2422 655 2510 eidem
681 2422 871 2539 duplicati
903 2436 1072 2510 ratione.
1134 2431 1334 2536 Quoniam
1365 2417 1442 2508 bo⁴c
1471 2453 1550 2506 non
1571 2424 1640 2522 fit,

206 2542 316 2656 globi
340 2549 549 2626 velociores
577 2545 689 2654 paulo
716 2552 840 2630 minus
867 2570 1090 2656 premuntur
1113 2545 1136 2628 *a
1156 2567 1279 2655 tergo,
1311 2555 1352 2628 &
1372 2538 1523 2624 defeuu
1547 2540 1641 2650 pres·

208 2661 324 2742 sionis
359 2665 487 2766 liujus,
519 2665 721 2747 resistentia
750 2691 884 2746 eorum
917 2667 963 2747 fit
1003 2665 1116 2774 paulo
1145 2667 1264 2766 major
1300 2687 1415 2771 quam
1449 2669 1487 2744 in
1517 2656 1641 2771 dupli·

203 2783 298 2860 ·cati
324 2789 470 2861 ratione
506 2783 729 2865 velocitatis.

272 2899 462 3008 Congruit
485 2905 599 3007 igitur
621 2902 770 2982 theoria
795 2927 884 2984 cum
906 2901 1165 3012 phaenomenis
1188 2925 1394 3008 corporum
1417 2889 1640 2976 cadentium

203 3023 254 3097 in
282 3023 398 3126 aqui,
430 3018 619 3124 reliquum
645 3020 698 3097 est
727 3040 768 3099 ut
796 3026 1057 3102 examinemus
1075 3017 1331 3126 phenomena
1351 3012 1572 3097 cadentium
1599 3023 1638 3135 in

205 3160 311 3213 aere.

273 3248 406 3364 Exper.
446 3279 507 3355 13.
586 3255 816 3336 Aculmine
851 3255 1015 3362 eeclesrae
1042 3255 1166 3336 Sandi
1193 3245 1324 3348 Pauli,
1352 3259 1392 3334 in
1423 3249 1516 3331 urbe
1542 3247 1639 3328 Lon·

205 3365 320 3466 dini,
350 3369 478 3454 mense
502 3374 621 3484 Junio
659 3399 763 3480 1710
791 3372 901 3484 globi
933 3366 1012 3453 duo
1044 3377 1152 3452 vitrei
1182 3371 1289 3452 ll-tnul
1315 3365 1637 3462 demittebantur,

1540 3507 1639 3568 unus

253 3736 318 3812 (a)
338 3732 522 3816 *linificam
536 3737 907 3814 paulomajorevrititqrtam
955 3731 1080 3800 locitas,
1106 3749 1139 3795 ur
1153 3729 1271 3793 liuidum
1288 3731 1324 3793 td
1342 3729 1463 3811 pollices
1482 3726 1558 3790 illius
1578 3745 1642 3806 par·
1698 3733 1781 3794 2912·

209 3813 684 3892 a'rrdupllmm*tationevelotitart's.
724 3812 752 3872 si
771 3813 907 3872 enimre·
957 3829 1000 3871 tes
1023 3809 1089 3868 sarit
1108 3811 1168 3870 cito
1190 3828 1333 3869 recurrere
1355 3815 1380 3868 lt
1402 3807 1532 3871 loctuud
1573 3806 1642 3862 lobo

210 3887 339 3948 iillemia-
361 3906 493 3950 accurare
511 3889 578 3946 ell‘et
600 3889 633 3948 in
659 3886 803 3968 duplicari
824 3893 908 3949 velo·
956 3885 1086 3947 relidum
1109 3887 1199 3946 llatim
1218 3899 1505 3965 occupareneqnear,
1524 3825 1643 3938 nrbliui·

207 3963 311 4023 citaris
339 3964 467 4031 ratione,
490 3983 617 4038 tempora
639 3961 758 4022 cadendi
776 3982 833 4023 tam
858 3983 907 4051 per
954 3963 987 4020 di
1002 3961 1324 4040 eompreffioatgearur,
1343 3978 1426 4038 urper
1442 3957 1556 4015 turnum
1569 3953 1644 4035 pres-

215 4040 408 4115 experimenra
431 4061 517 4120 qnam
545 4059 593 4115 per
616 4039 759 4098 theonam
781 4040 909 4106 delinita,
956 4037 998 4098 lio
1021 4045 1045 4095 ἃ
1073 4056 1165 4097 motus
1186 4035 1308 4098 celerius
1332 4051 1531 4120 propagentur·

210 4133 415 4192 aequarentur,
436 4127 474 4176 nr
502 4115 693 4177 firefiflemia
711 4117 803 4255 wer
824 4135 907 4193 qvam
997 4113 1060 4187 (c)
1098 4119 1245 4190 *Augeri
1268 4119 1294 4170 in
1317 4105 1647 4186 dupltrararatr'oneve·

216 4189 245 4248 in
264 4191 411 4266 duplicari
434 4192 544 4250 tatione.
570 4190 704 4251 velocitas
780 4210 909 4262 tempora
960 4187 1151 4252 luciterum.
1192 4193 1266 4250 Nam
1288 4205 1378 4265 patres
1395 4183 1474 4244 llnr'di
1495 4203 1544 4261 per
1567 4201 1648 4240 com·

212 4265 316 4344 quibus
335 4289 437 4348 eorpus
451 4271 580 4326 radendo
597 4263 824 4344 dartnrl'parinm
839 4267 904 4325 oes—
957 4264 1127 4342 prtlbonem
1143 4265 1173 4325 in
1193 4265 1220 4326 se
1243 4282 1343 4322 murto
1359 4281 1445 4338 agtnt
1464 4265 1487 4319 u·
1508 4276 1624 4334 refigunt
1635 4273 1650 4328 ,'

215 4341 303 4400 crinis
316 4381 326 4410 ,
346 4345 454 4421 majora
470 4345 524 4400 elle
549 4347 653 4401 <leuem
675 4363 701 4398 tn
726 4343 909 4418 experimen·
960 4337 1236 4416 civitatitibus
1262 4337 1341 4397 fluidi
1364 4335 1515 4420 partictle
1530 4339 1555 4391 le
1586 4353 1650 4390 mu·

214 4415 252 4476 tis
274 4419 404 4494 qtamin
425 4417 558 4483 tbroritl,
590 4438 651 4495 qrae
673 4416 814 4476 minorem
838 4416 906 4478 test-
960 4415 1009 4475 rtrd
1035 4415 1165 4491 agitant,
1193 4433 1345 4492 augeantur
1380 4413 1408 4470 in
1439 4409 1579 4489 otpltctva'
1605 4428 1650 4467 ra·

214 4492 348 4553 {leniam
369 4495 508 4571 supponit.
960 4492 1038 4552 tione
1062 4490 1245 4558 velotirarb,
1266 4486 1419 4548 rrsrllemia
1436 4487 1474 4546 etl
1496 4486 1524 4542 in
1549 4487 1649 4540 radtm

255 4572 322 4645 (o)
362 4573 383 4615 *²
412 4571 465 4648 list
489 4569 637 4710 compreppo
649 4569 733 4649 fluidi
748 4567 834 4648 smol
856 4589 908 4627 aa·
957 4569 1073 4631 ratione
1084 4568 1241 4647 duplicati,
1252 4585 1302 4646 per
1314 4583 1377 4624 sor·
1389 4588 1415 4624 2.
1425 4581 1503 4641 prop.
1516 4559 1650 4622 mill·

210 4663 324 4722 gratur.
365 4649 455 4714 lanta
474 4645 551 4709 enirn
569 4667 622 4711 ee
648 4649 739 4727 potell
760 4639 907 4723 probite-
1146 4651 1149 4654 ’
1283 4715 1308 4776 τ
1674 4687 1676 4690 -
